%YAML 1.1
%TAG !u! tag:unity3d.com,2011:
--- !u!29 &1
OcclusionCullingSettings:
  m_ObjectHideFlags: 0
  serializedVersion: 2
  m_OcclusionBakeSettings:
    smallestOccluder: 5
    smallestHole: 0.25
    backfaceThreshold: 100
  m_SceneGUID: 00000000000000000000000000000000
  m_OcclusionCullingData: {fileID: 0}
--- !u!104 &2
RenderSettings:
  m_ObjectHideFlags: 0
  serializedVersion: 9
  m_Fog: 0
  m_FogColor: {r: 0.5, g: 0.5, b: 0.5, a: 1}
  m_FogMode: 3
  m_FogDensity: 0.01
  m_LinearFogStart: 0
  m_LinearFogEnd: 300
  m_AmbientSkyColor: {r: 0.212, g: 0.227, b: 0.259, a: 1}
  m_AmbientEquatorColor: {r: 0.114, g: 0.125, b: 0.133, a: 1}
  m_AmbientGroundColor: {r: 0.047, g: 0.043, b: 0.035, a: 1}
  m_AmbientIntensity: 1
  m_AmbientMode: 3
  m_SubtractiveShadowColor: {r: 0.42, g: 0.478, b: 0.627, a: 1}
  m_SkyboxMaterial: {fileID: 0}
  m_HaloStrength: 0.5
  m_FlareStrength: 1
  m_FlareFadeSpeed: 3
  m_HaloTexture: {fileID: 0}
  m_SpotCookie: {fileID: 10001, guid: 0000000000000000e000000000000000, type: 0}
  m_DefaultReflectionMode: 0
  m_DefaultReflectionResolution: 128
  m_ReflectionBounces: 1
  m_ReflectionIntensity: 1
  m_CustomReflection: {fileID: 0}
  m_Sun: {fileID: 0}
  m_IndirectSpecularColor: {r: 0, g: 0, b: 0, a: 1}
  m_UseRadianceAmbientProbe: 0
--- !u!157 &3
LightmapSettings:
  m_ObjectHideFlags: 0
  serializedVersion: 12
  m_GIWorkflowMode: 1
  m_GISettings:
    serializedVersion: 2
    m_BounceScale: 1
    m_IndirectOutputScale: 1
    m_AlbedoBoost: 1
    m_EnvironmentLightingMode: 0
    m_EnableBakedLightmaps: 0
    m_EnableRealtimeLightmaps: 0
  m_LightmapEditorSettings:
    serializedVersion: 12
    m_Resolution: 2
    m_BakeResolution: 40
    m_AtlasSize: 1024
    m_AO: 0
    m_AOMaxDistance: 1
    m_CompAOExponent: 1
    m_CompAOExponentDirect: 0
    m_ExtractAmbientOcclusion: 0
    m_Padding: 2
    m_LightmapParameters: {fileID: 0}
    m_LightmapsBakeMode: 1
    m_TextureCompression: 1
    m_FinalGather: 0
    m_FinalGatherFiltering: 1
    m_FinalGatherRayCount: 256
    m_ReflectionCompression: 2
    m_MixedBakeMode: 2
    m_BakeBackend: 1
    m_PVRSampling: 1
    m_PVRDirectSampleCount: 32
    m_PVRSampleCount: 512
    m_PVRBounces: 2
    m_PVREnvironmentSampleCount: 256
    m_PVREnvironmentReferencePointCount: 2048
    m_PVRFilteringMode: 1
    m_PVRDenoiserTypeDirect: 1
    m_PVRDenoiserTypeIndirect: 1
    m_PVRDenoiserTypeAO: 1
    m_PVRFilterTypeDirect: 0
    m_PVRFilterTypeIndirect: 0
    m_PVRFilterTypeAO: 0
    m_PVREnvironmentMIS: 1
    m_PVRCulling: 1
    m_PVRFilteringGaussRadiusDirect: 1
    m_PVRFilteringGaussRadiusIndirect: 5
    m_PVRFilteringGaussRadiusAO: 2
    m_PVRFilteringAtrousPositionSigmaDirect: 0.5
    m_PVRFilteringAtrousPositionSigmaIndirect: 2
    m_PVRFilteringAtrousPositionSigmaAO: 1
    m_ExportTrainingData: 0
    m_TrainingDataDestination: TrainingData
    m_LightProbeSampleCountMultiplier: 4
  m_LightingDataAsset: {fileID: 0}
  m_LightingSettings: {fileID: 0}
--- !u!196 &4
NavMeshSettings:
  serializedVersion: 2
  m_ObjectHideFlags: 0
  m_BuildSettings:
    serializedVersion: 2
    agentTypeID: 0
    agentRadius: 0.5
    agentHeight: 2
    agentSlope: 45
    agentClimb: 0.4
    ledgeDropHeight: 0
    maxJumpAcrossDistance: 0
    minRegionArea: 2
    manualCellSize: 0
    cellSize: 0.16666667
    manualTileSize: 0
    tileSize: 256
    accuratePlacement: 0
    maxJobWorkers: 0
    preserveTilesOutsideBounds: 0
    debug:
      m_Flags: 0
  m_NavMeshData: {fileID: 0}
--- !u!1 &97943304
GameObject:
  m_ObjectHideFlags: 0
  m_CorrespondingSourceObject: {fileID: 0}
  m_PrefabInstance: {fileID: 0}
  m_PrefabAsset: {fileID: 0}
  serializedVersion: 6
  m_Component:
  - component: {fileID: 97943306}
  - component: {fileID: 97943305}
  m_Layer: 0
  m_Name: Background
  m_TagString: Untagged
  m_Icon: {fileID: 0}
  m_NavMeshLayer: 0
  m_StaticEditorFlags: 0
  m_IsActive: 1
--- !u!212 &97943305
SpriteRenderer:
  m_ObjectHideFlags: 0
  m_CorrespondingSourceObject: {fileID: 0}
  m_PrefabInstance: {fileID: 0}
  m_PrefabAsset: {fileID: 0}
  m_GameObject: {fileID: 97943304}
  m_Enabled: 1
  m_CastShadows: 0
  m_ReceiveShadows: 0
  m_DynamicOccludee: 1
  m_MotionVectors: 1
  m_LightProbeUsage: 1
  m_ReflectionProbeUsage: 1
  m_RayTracingMode: 0
  m_RayTraceProcedural: 0
  m_RenderingLayerMask: 1
  m_RendererPriority: 0
  m_Materials:
  - {fileID: 10754, guid: 0000000000000000f000000000000000, type: 0}
  m_StaticBatchInfo:
    firstSubMesh: 0
    subMeshCount: 0
  m_StaticBatchRoot: {fileID: 0}
  m_ProbeAnchor: {fileID: 0}
  m_LightProbeVolumeOverride: {fileID: 0}
  m_ScaleInLightmap: 1
  m_ReceiveGI: 1
  m_PreserveUVs: 0
  m_IgnoreNormalsForChartDetection: 0
  m_ImportantGI: 0
  m_StitchLightmapSeams: 1
  m_SelectedEditorRenderState: 0
  m_MinimumChartSize: 4
  m_AutoUVMaxDistance: 0.5
  m_AutoUVMaxAngle: 89
  m_LightmapParameters: {fileID: 0}
  m_SortingLayerID: 0
  m_SortingLayer: 0
  m_SortingOrder: -6
  m_Sprite: {fileID: 21300000, guid: a52c61e4d863eb24eb1a6cec742bd3ff, type: 3}
  m_Color: {r: 1, g: 1, b: 1, a: 1}
  m_FlipX: 0
  m_FlipY: 0
  m_DrawMode: 2
  m_Size: {x: 72, y: 10.8}
  m_AdaptiveModeThreshold: 0.5
  m_SpriteTileMode: 0
  m_WasSpriteAssigned: 1
  m_MaskInteraction: 0
  m_SpriteSortPoint: 0
--- !u!4 &97943306
Transform:
  m_ObjectHideFlags: 0
  m_CorrespondingSourceObject: {fileID: 0}
  m_PrefabInstance: {fileID: 0}
  m_PrefabAsset: {fileID: 0}
  m_GameObject: {fileID: 97943304}
  m_LocalRotation: {x: 0, y: 0, z: 0, w: 1}
  m_LocalPosition: {x: -17.3, y: 0.4, z: 0}
  m_LocalScale: {x: 1, y: 1, z: 1}
  m_Children: []
  m_Father: {fileID: 0}
  m_RootOrder: 15
  m_LocalEulerAnglesHint: {x: 0, y: 0, z: 0}
--- !u!1001 &162673853
PrefabInstance:
  m_ObjectHideFlags: 0
  serializedVersion: 2
  m_Modification:
    m_TransformParent: {fileID: 0}
    m_Modifications:
    - target: {fileID: 2174551585659035872, guid: 514b4d20ce3ee1140bdf5b3fcb71a7af, type: 3}
      propertyPath: m_RootOrder
      value: 7
      objectReference: {fileID: 0}
    - target: {fileID: 2174551585659035872, guid: 514b4d20ce3ee1140bdf5b3fcb71a7af, type: 3}
      propertyPath: m_LocalPosition.x
      value: 323.32635
      objectReference: {fileID: 0}
    - target: {fileID: 2174551585659035872, guid: 514b4d20ce3ee1140bdf5b3fcb71a7af, type: 3}
      propertyPath: m_LocalPosition.y
      value: 1879.2698
      objectReference: {fileID: 0}
    - target: {fileID: 2174551585659035872, guid: 514b4d20ce3ee1140bdf5b3fcb71a7af, type: 3}
      propertyPath: m_LocalPosition.z
      value: -1866.1353
      objectReference: {fileID: 0}
    - target: {fileID: 2174551585659035872, guid: 514b4d20ce3ee1140bdf5b3fcb71a7af, type: 3}
      propertyPath: m_LocalRotation.w
      value: 1
      objectReference: {fileID: 0}
    - target: {fileID: 2174551585659035872, guid: 514b4d20ce3ee1140bdf5b3fcb71a7af, type: 3}
      propertyPath: m_LocalRotation.x
      value: 0
      objectReference: {fileID: 0}
    - target: {fileID: 2174551585659035872, guid: 514b4d20ce3ee1140bdf5b3fcb71a7af, type: 3}
      propertyPath: m_LocalRotation.y
      value: 0
      objectReference: {fileID: 0}
    - target: {fileID: 2174551585659035872, guid: 514b4d20ce3ee1140bdf5b3fcb71a7af, type: 3}
      propertyPath: m_LocalRotation.z
      value: 0
      objectReference: {fileID: 0}
    - target: {fileID: 2174551585659035872, guid: 514b4d20ce3ee1140bdf5b3fcb71a7af, type: 3}
      propertyPath: m_LocalEulerAnglesHint.x
      value: 0
      objectReference: {fileID: 0}
    - target: {fileID: 2174551585659035872, guid: 514b4d20ce3ee1140bdf5b3fcb71a7af, type: 3}
      propertyPath: m_LocalEulerAnglesHint.y
      value: 0
      objectReference: {fileID: 0}
    - target: {fileID: 2174551585659035872, guid: 514b4d20ce3ee1140bdf5b3fcb71a7af, type: 3}
      propertyPath: m_LocalEulerAnglesHint.z
      value: 0
      objectReference: {fileID: 0}
    - target: {fileID: 2174551585659035873, guid: 514b4d20ce3ee1140bdf5b3fcb71a7af, type: 3}
      propertyPath: ContMon
      value: 
      objectReference: {fileID: 1184412972}
    - target: {fileID: 2174551585659043615, guid: 514b4d20ce3ee1140bdf5b3fcb71a7af, type: 3}
      propertyPath: m_Name
      value: cont monedas
      objectReference: {fileID: 0}
    m_RemovedComponents: []
  m_SourcePrefab: {fileID: 100100000, guid: 514b4d20ce3ee1140bdf5b3fcb71a7af, type: 3}
--- !u!1001 &456719470
PrefabInstance:
  m_ObjectHideFlags: 0
  serializedVersion: 2
  m_Modification:
    m_TransformParent: {fileID: 0}
    m_Modifications:
    - target: {fileID: 8573465913896573002, guid: 2643c13f4e3539245a1bc86a04c05a14, type: 3}
      propertyPath: m_RootOrder
      value: 10
      objectReference: {fileID: 0}
    - target: {fileID: 8573465913896573002, guid: 2643c13f4e3539245a1bc86a04c05a14, type: 3}
      propertyPath: m_LocalPosition.x
      value: -11.171961
      objectReference: {fileID: 0}
    - target: {fileID: 8573465913896573002, guid: 2643c13f4e3539245a1bc86a04c05a14, type: 3}
      propertyPath: m_LocalPosition.y
      value: 1.05
      objectReference: {fileID: 0}
    - target: {fileID: 8573465913896573002, guid: 2643c13f4e3539245a1bc86a04c05a14, type: 3}
      propertyPath: m_LocalPosition.z
      value: 0
      objectReference: {fileID: 0}
    - target: {fileID: 8573465913896573002, guid: 2643c13f4e3539245a1bc86a04c05a14, type: 3}
      propertyPath: m_LocalRotation.w
      value: 1
      objectReference: {fileID: 0}
    - target: {fileID: 8573465913896573002, guid: 2643c13f4e3539245a1bc86a04c05a14, type: 3}
      propertyPath: m_LocalRotation.x
      value: 0
      objectReference: {fileID: 0}
    - target: {fileID: 8573465913896573002, guid: 2643c13f4e3539245a1bc86a04c05a14, type: 3}
      propertyPath: m_LocalRotation.y
      value: 0
      objectReference: {fileID: 0}
    - target: {fileID: 8573465913896573002, guid: 2643c13f4e3539245a1bc86a04c05a14, type: 3}
      propertyPath: m_LocalRotation.z
      value: 0
      objectReference: {fileID: 0}
    - target: {fileID: 8573465913896573002, guid: 2643c13f4e3539245a1bc86a04c05a14, type: 3}
      propertyPath: m_LocalEulerAnglesHint.x
      value: 0
      objectReference: {fileID: 0}
    - target: {fileID: 8573465913896573002, guid: 2643c13f4e3539245a1bc86a04c05a14, type: 3}
      propertyPath: m_LocalEulerAnglesHint.y
      value: 0
      objectReference: {fileID: 0}
    - target: {fileID: 8573465913896573002, guid: 2643c13f4e3539245a1bc86a04c05a14, type: 3}
      propertyPath: m_LocalEulerAnglesHint.z
      value: 0
      objectReference: {fileID: 0}
    - target: {fileID: 8573465913896573015, guid: 2643c13f4e3539245a1bc86a04c05a14, type: 3}
      propertyPath: m_Name
      value: moneda (4)
      objectReference: {fileID: 0}
    m_RemovedComponents: []
  m_SourcePrefab: {fileID: 100100000, guid: 2643c13f4e3539245a1bc86a04c05a14, type: 3}
--- !u!1001 &577827940
PrefabInstance:
  m_ObjectHideFlags: 0
  serializedVersion: 2
  m_Modification:
    m_TransformParent: {fileID: 0}
    m_Modifications:
    - target: {fileID: 6484009903271914344, guid: c9ce3d0564cf6b0478bc5cb1ce7da915, type: 3}
      propertyPath: m_RootOrder
      value: 5
      objectReference: {fileID: 0}
    - target: {fileID: 6484009903271914344, guid: c9ce3d0564cf6b0478bc5cb1ce7da915, type: 3}
      propertyPath: m_LocalPosition.x
      value: -9.82
      objectReference: {fileID: 0}
    - target: {fileID: 6484009903271914344, guid: c9ce3d0564cf6b0478bc5cb1ce7da915, type: 3}
      propertyPath: m_LocalPosition.y
      value: 0.78
      objectReference: {fileID: 0}
    - target: {fileID: 6484009903271914344, guid: c9ce3d0564cf6b0478bc5cb1ce7da915, type: 3}
      propertyPath: m_LocalPosition.z
      value: 0
      objectReference: {fileID: 0}
    - target: {fileID: 6484009903271914344, guid: c9ce3d0564cf6b0478bc5cb1ce7da915, type: 3}
      propertyPath: m_LocalRotation.w
      value: 1
      objectReference: {fileID: 0}
    - target: {fileID: 6484009903271914344, guid: c9ce3d0564cf6b0478bc5cb1ce7da915, type: 3}
      propertyPath: m_LocalRotation.x
      value: 0
      objectReference: {fileID: 0}
    - target: {fileID: 6484009903271914344, guid: c9ce3d0564cf6b0478bc5cb1ce7da915, type: 3}
      propertyPath: m_LocalRotation.y
      value: 0
      objectReference: {fileID: 0}
    - target: {fileID: 6484009903271914344, guid: c9ce3d0564cf6b0478bc5cb1ce7da915, type: 3}
      propertyPath: m_LocalRotation.z
      value: 0
      objectReference: {fileID: 0}
    - target: {fileID: 6484009903271914344, guid: c9ce3d0564cf6b0478bc5cb1ce7da915, type: 3}
      propertyPath: m_LocalEulerAnglesHint.x
      value: 0
      objectReference: {fileID: 0}
    - target: {fileID: 6484009903271914344, guid: c9ce3d0564cf6b0478bc5cb1ce7da915, type: 3}
      propertyPath: m_LocalEulerAnglesHint.y
      value: 0
      objectReference: {fileID: 0}
    - target: {fileID: 6484009903271914344, guid: c9ce3d0564cf6b0478bc5cb1ce7da915, type: 3}
      propertyPath: m_LocalEulerAnglesHint.z
      value: 0
      objectReference: {fileID: 0}
    - target: {fileID: 6484009903271914347, guid: c9ce3d0564cf6b0478bc5cb1ce7da915, type: 3}
      propertyPath: m_Name
      value: cofre
      objectReference: {fileID: 0}
    m_RemovedComponents:
    - {fileID: 6484009903271914349, guid: c9ce3d0564cf6b0478bc5cb1ce7da915, type: 3}
  m_SourcePrefab: {fileID: 100100000, guid: c9ce3d0564cf6b0478bc5cb1ce7da915, type: 3}
--- !u!1 &577827941 stripped
GameObject:
  m_CorrespondingSourceObject: {fileID: 6484009903271914347, guid: c9ce3d0564cf6b0478bc5cb1ce7da915, type: 3}
  m_PrefabInstance: {fileID: 577827940}
  m_PrefabAsset: {fileID: 0}
--- !u!95 &577827942 stripped
Animator:
  m_CorrespondingSourceObject: {fileID: 6484009903271914346, guid: c9ce3d0564cf6b0478bc5cb1ce7da915, type: 3}
  m_PrefabInstance: {fileID: 577827940}
  m_PrefabAsset: {fileID: 0}
--- !u!114 &577827943
MonoBehaviour:
  m_ObjectHideFlags: 0
  m_CorrespondingSourceObject: {fileID: 0}
  m_PrefabInstance: {fileID: 0}
  m_PrefabAsset: {fileID: 0}
  m_GameObject: {fileID: 577827941}
  m_Enabled: 1
  m_EditorHideFlags: 0
  m_Script: {fileID: 11500000, guid: 5146d50037a84f444b87ce31f977fe50, type: 3}
  m_Name: 
  m_EditorClassIdentifier: 
  coinValue: 5
  cofreabre: {fileID: 577827942}
  Cofabierto: 0
--- !u!1 &700735214
GameObject:
  m_ObjectHideFlags: 0
  m_CorrespondingSourceObject: {fileID: 0}
  m_PrefabInstance: {fileID: 0}
  m_PrefabAsset: {fileID: 0}
  serializedVersion: 6
  m_Component:
  - component: {fileID: 700735216}
  - component: {fileID: 700735215}
  - component: {fileID: 700735217}
  m_Layer: 0
  m_Name: Has ganado
  m_TagString: Untagged
  m_Icon: {fileID: 0}
  m_NavMeshLayer: 0
  m_StaticEditorFlags: 0
  m_IsActive: 1
--- !u!61 &700735215
BoxCollider2D:
  m_ObjectHideFlags: 0
  m_CorrespondingSourceObject: {fileID: 0}
  m_PrefabInstance: {fileID: 0}
  m_PrefabAsset: {fileID: 0}
  m_GameObject: {fileID: 700735214}
  m_Enabled: 1
  m_Density: 1
  m_Material: {fileID: 0}
  m_IsTrigger: 1
  m_UsedByEffector: 0
  m_UsedByComposite: 0
  m_Offset: {x: 0.022785604, y: 0}
  m_SpriteTilingProperty:
    border: {x: 0, y: 0, z: 0, w: 0}
    pivot: {x: 0, y: 0}
    oldSize: {x: 0, y: 0}
    newSize: {x: 0, y: 0}
    adaptiveTilingThreshold: 0
    drawMode: 0
    adaptiveTiling: 0
  m_AutoTiling: 0
  serializedVersion: 2
  m_Size: {x: 2.321557, y: 1}
  m_EdgeRadius: 0
--- !u!4 &700735216
Transform:
  m_ObjectHideFlags: 0
  m_CorrespondingSourceObject: {fileID: 0}
  m_PrefabInstance: {fileID: 0}
  m_PrefabAsset: {fileID: 0}
  m_GameObject: {fileID: 700735214}
  m_LocalRotation: {x: 0, y: 0, z: 0, w: 1}
  m_LocalPosition: {x: -6.51, y: -0.4, z: 0.45748174}
  m_LocalScale: {x: 1, y: 15.315938, z: 1}
  m_Children: []
  m_Father: {fileID: 0}
  m_RootOrder: 16
  m_LocalEulerAnglesHint: {x: 0, y: 0, z: 0}
--- !u!114 &700735217
MonoBehaviour:
  m_ObjectHideFlags: 0
  m_CorrespondingSourceObject: {fileID: 0}
  m_PrefabInstance: {fileID: 0}
  m_PrefabAsset: {fileID: 0}
  m_GameObject: {fileID: 700735214}
  m_Enabled: 1
  m_EditorHideFlags: 0
  m_Script: {fileID: 11500000, guid: e098422d1b2173d4a87d2f3906154ce1, type: 3}
  m_Name: 
  m_EditorClassIdentifier: 
--- !u!1001 &839567227
PrefabInstance:
  m_ObjectHideFlags: 0
  serializedVersion: 2
  m_Modification:
    m_TransformParent: {fileID: 0}
    m_Modifications:
    - target: {fileID: 2709397845640325624, guid: e7a950934f2835d48bf578d2daa3f01f, type: 3}
      propertyPath: m_RootOrder
      value: 9
      objectReference: {fileID: 0}
    - target: {fileID: 2709397845640325624, guid: e7a950934f2835d48bf578d2daa3f01f, type: 3}
      propertyPath: m_LocalPosition.x
      value: -36.8
      objectReference: {fileID: 0}
    - target: {fileID: 2709397845640325624, guid: e7a950934f2835d48bf578d2daa3f01f, type: 3}
      propertyPath: m_LocalPosition.y
      value: -0.15
      objectReference: {fileID: 0}
    - target: {fileID: 2709397845640325624, guid: e7a950934f2835d48bf578d2daa3f01f, type: 3}
      propertyPath: m_LocalPosition.z
      value: -10.265041
      objectReference: {fileID: 0}
    - target: {fileID: 2709397845640325624, guid: e7a950934f2835d48bf578d2daa3f01f, type: 3}
      propertyPath: m_LocalRotation.w
      value: 1
      objectReference: {fileID: 0}
    - target: {fileID: 2709397845640325624, guid: e7a950934f2835d48bf578d2daa3f01f, type: 3}
      propertyPath: m_LocalRotation.x
      value: 0
      objectReference: {fileID: 0}
    - target: {fileID: 2709397845640325624, guid: e7a950934f2835d48bf578d2daa3f01f, type: 3}
      propertyPath: m_LocalRotation.y
      value: 0
      objectReference: {fileID: 0}
    - target: {fileID: 2709397845640325624, guid: e7a950934f2835d48bf578d2daa3f01f, type: 3}
      propertyPath: m_LocalRotation.z
      value: 0
      objectReference: {fileID: 0}
    - target: {fileID: 2709397845640325624, guid: e7a950934f2835d48bf578d2daa3f01f, type: 3}
      propertyPath: m_LocalEulerAnglesHint.x
      value: 0
      objectReference: {fileID: 0}
    - target: {fileID: 2709397845640325624, guid: e7a950934f2835d48bf578d2daa3f01f, type: 3}
      propertyPath: m_LocalEulerAnglesHint.y
      value: 0
      objectReference: {fileID: 0}
    - target: {fileID: 2709397845640325624, guid: e7a950934f2835d48bf578d2daa3f01f, type: 3}
      propertyPath: m_LocalEulerAnglesHint.z
      value: 0
      objectReference: {fileID: 0}
    - target: {fileID: 2709397845640325630, guid: e7a950934f2835d48bf578d2daa3f01f, type: 3}
      propertyPath: m_Name
      value: Pinchos (2)
      objectReference: {fileID: 0}
    m_RemovedComponents: []
  m_SourcePrefab: {fileID: 100100000, guid: e7a950934f2835d48bf578d2daa3f01f, type: 3}
--- !u!1001 &928900237
PrefabInstance:
  m_ObjectHideFlags: 0
  serializedVersion: 2
  m_Modification:
    m_TransformParent: {fileID: 0}
    m_Modifications:
    - target: {fileID: 8573465913896573002, guid: 2643c13f4e3539245a1bc86a04c05a14, type: 3}
      propertyPath: m_RootOrder
      value: 4
      objectReference: {fileID: 0}
    - target: {fileID: 8573465913896573002, guid: 2643c13f4e3539245a1bc86a04c05a14, type: 3}
      propertyPath: m_LocalPosition.x
      value: -23.27
      objectReference: {fileID: 0}
    - target: {fileID: 8573465913896573002, guid: 2643c13f4e3539245a1bc86a04c05a14, type: 3}
      propertyPath: m_LocalPosition.y
      value: -0.49
      objectReference: {fileID: 0}
    - target: {fileID: 8573465913896573002, guid: 2643c13f4e3539245a1bc86a04c05a14, type: 3}
      propertyPath: m_LocalPosition.z
      value: 0
      objectReference: {fileID: 0}
    - target: {fileID: 8573465913896573002, guid: 2643c13f4e3539245a1bc86a04c05a14, type: 3}
      propertyPath: m_LocalRotation.w
      value: 1
      objectReference: {fileID: 0}
    - target: {fileID: 8573465913896573002, guid: 2643c13f4e3539245a1bc86a04c05a14, type: 3}
      propertyPath: m_LocalRotation.x
      value: 0
      objectReference: {fileID: 0}
    - target: {fileID: 8573465913896573002, guid: 2643c13f4e3539245a1bc86a04c05a14, type: 3}
      propertyPath: m_LocalRotation.y
      value: 0
      objectReference: {fileID: 0}
    - target: {fileID: 8573465913896573002, guid: 2643c13f4e3539245a1bc86a04c05a14, type: 3}
      propertyPath: m_LocalRotation.z
      value: 0
      objectReference: {fileID: 0}
    - target: {fileID: 8573465913896573002, guid: 2643c13f4e3539245a1bc86a04c05a14, type: 3}
      propertyPath: m_LocalEulerAnglesHint.x
      value: 0
      objectReference: {fileID: 0}
    - target: {fileID: 8573465913896573002, guid: 2643c13f4e3539245a1bc86a04c05a14, type: 3}
      propertyPath: m_LocalEulerAnglesHint.y
      value: 0
      objectReference: {fileID: 0}
    - target: {fileID: 8573465913896573002, guid: 2643c13f4e3539245a1bc86a04c05a14, type: 3}
      propertyPath: m_LocalEulerAnglesHint.z
      value: 0
      objectReference: {fileID: 0}
    - target: {fileID: 8573465913896573015, guid: 2643c13f4e3539245a1bc86a04c05a14, type: 3}
      propertyPath: m_Name
      value: moneda (2)
      objectReference: {fileID: 0}
    m_RemovedComponents: []
  m_SourcePrefab: {fileID: 100100000, guid: 2643c13f4e3539245a1bc86a04c05a14, type: 3}
--- !u!1 &948100532
GameObject:
  m_ObjectHideFlags: 0
  m_CorrespondingSourceObject: {fileID: 0}
  m_PrefabInstance: {fileID: 0}
  m_PrefabAsset: {fileID: 0}
  serializedVersion: 6
  m_Component:
  - component: {fileID: 948100534}
  - component: {fileID: 948100533}
  m_Layer: 0
  m_Name: Grid (1)
  m_TagString: Untagged
  m_Icon: {fileID: 0}
  m_NavMeshLayer: 0
  m_StaticEditorFlags: 0
  m_IsActive: 1
--- !u!156049354 &948100533
Grid:
  m_ObjectHideFlags: 0
  m_CorrespondingSourceObject: {fileID: 0}
  m_PrefabInstance: {fileID: 0}
  m_PrefabAsset: {fileID: 0}
  m_GameObject: {fileID: 948100532}
  m_Enabled: 1
  m_CellSize: {x: 1, y: 1, z: 0}
  m_CellGap: {x: 0, y: 0, z: 0}
  m_CellLayout: 0
  m_CellSwizzle: 0
--- !u!4 &948100534
Transform:
  m_ObjectHideFlags: 0
  m_CorrespondingSourceObject: {fileID: 0}
  m_PrefabInstance: {fileID: 0}
  m_PrefabAsset: {fileID: 0}
  m_GameObject: {fileID: 948100532}
  m_LocalRotation: {x: 0, y: 0, z: 0, w: 1}
  m_LocalPosition: {x: 0, y: 0, z: 11}
  m_LocalScale: {x: 1, y: 1, z: 1}
  m_Children:
  - {fileID: 1310778933}
  m_Father: {fileID: 0}
  m_RootOrder: 13
  m_LocalEulerAnglesHint: {x: 0, y: 0, z: 0}
--- !u!1 &1079619881
GameObject:
  m_ObjectHideFlags: 0
  m_CorrespondingSourceObject: {fileID: 0}
  m_PrefabInstance: {fileID: 0}
  m_PrefabAsset: {fileID: 0}
  serializedVersion: 6
  m_Component:
  - component: {fileID: 1079619883}
  - component: {fileID: 1079619882}
  m_Layer: 0
  m_Name: Grid
  m_TagString: Untagged
  m_Icon: {fileID: 0}
  m_NavMeshLayer: 0
  m_StaticEditorFlags: 0
  m_IsActive: 1
--- !u!156049354 &1079619882
Grid:
  m_ObjectHideFlags: 0
  m_CorrespondingSourceObject: {fileID: 0}
  m_PrefabInstance: {fileID: 0}
  m_PrefabAsset: {fileID: 0}
  m_GameObject: {fileID: 1079619881}
  m_Enabled: 1
  m_CellSize: {x: 1, y: 1, z: 0}
  m_CellGap: {x: 0, y: 0, z: 0}
  m_CellLayout: 0
  m_CellSwizzle: 0
--- !u!4 &1079619883
Transform:
  m_ObjectHideFlags: 0
  m_CorrespondingSourceObject: {fileID: 0}
  m_PrefabInstance: {fileID: 0}
  m_PrefabAsset: {fileID: 0}
  m_GameObject: {fileID: 1079619881}
  m_LocalRotation: {x: -0, y: -0, z: -0, w: 1}
  m_LocalPosition: {x: 0, y: 0, z: 0}
  m_LocalScale: {x: 1, y: 1, z: 1}
  m_Children:
  - {fileID: 1908569050}
  m_Father: {fileID: 0}
  m_RootOrder: 12
  m_LocalEulerAnglesHint: {x: 0, y: 0, z: 0}
--- !u!1001 &1184412971
PrefabInstance:
  m_ObjectHideFlags: 0
  serializedVersion: 2
  m_Modification:
    m_TransformParent: {fileID: 0}
    m_Modifications:
    - target: {fileID: 6873995026044239344, guid: 53d005867af70494587a59b51d37e9d7, type: 3}
      propertyPath: m_Pivot.x
      value: 0
      objectReference: {fileID: 0}
    - target: {fileID: 6873995026044239344, guid: 53d005867af70494587a59b51d37e9d7, type: 3}
      propertyPath: m_Pivot.y
      value: 0
      objectReference: {fileID: 0}
    - target: {fileID: 6873995026044239344, guid: 53d005867af70494587a59b51d37e9d7, type: 3}
      propertyPath: m_RootOrder
      value: 8
      objectReference: {fileID: 0}
    - target: {fileID: 6873995026044239344, guid: 53d005867af70494587a59b51d37e9d7, type: 3}
      propertyPath: m_AnchorMax.x
      value: 0
      objectReference: {fileID: 0}
    - target: {fileID: 6873995026044239344, guid: 53d005867af70494587a59b51d37e9d7, type: 3}
      propertyPath: m_AnchorMax.y
      value: 0
      objectReference: {fileID: 0}
    - target: {fileID: 6873995026044239344, guid: 53d005867af70494587a59b51d37e9d7, type: 3}
      propertyPath: m_AnchorMin.x
      value: 0
      objectReference: {fileID: 0}
    - target: {fileID: 6873995026044239344, guid: 53d005867af70494587a59b51d37e9d7, type: 3}
      propertyPath: m_AnchorMin.y
      value: 0
      objectReference: {fileID: 0}
    - target: {fileID: 6873995026044239344, guid: 53d005867af70494587a59b51d37e9d7, type: 3}
      propertyPath: m_SizeDelta.x
      value: 0
      objectReference: {fileID: 0}
    - target: {fileID: 6873995026044239344, guid: 53d005867af70494587a59b51d37e9d7, type: 3}
      propertyPath: m_SizeDelta.y
      value: 0
      objectReference: {fileID: 0}
    - target: {fileID: 6873995026044239344, guid: 53d005867af70494587a59b51d37e9d7, type: 3}
      propertyPath: m_LocalPosition.x
      value: 0
      objectReference: {fileID: 0}
    - target: {fileID: 6873995026044239344, guid: 53d005867af70494587a59b51d37e9d7, type: 3}
      propertyPath: m_LocalPosition.y
      value: 0
      objectReference: {fileID: 0}
    - target: {fileID: 6873995026044239344, guid: 53d005867af70494587a59b51d37e9d7, type: 3}
      propertyPath: m_LocalPosition.z
      value: 0
      objectReference: {fileID: 0}
    - target: {fileID: 6873995026044239344, guid: 53d005867af70494587a59b51d37e9d7, type: 3}
      propertyPath: m_LocalRotation.w
      value: 1
      objectReference: {fileID: 0}
    - target: {fileID: 6873995026044239344, guid: 53d005867af70494587a59b51d37e9d7, type: 3}
      propertyPath: m_LocalRotation.x
      value: 0
      objectReference: {fileID: 0}
    - target: {fileID: 6873995026044239344, guid: 53d005867af70494587a59b51d37e9d7, type: 3}
      propertyPath: m_LocalRotation.y
      value: 0
      objectReference: {fileID: 0}
    - target: {fileID: 6873995026044239344, guid: 53d005867af70494587a59b51d37e9d7, type: 3}
      propertyPath: m_LocalRotation.z
      value: 0
      objectReference: {fileID: 0}
    - target: {fileID: 6873995026044239344, guid: 53d005867af70494587a59b51d37e9d7, type: 3}
      propertyPath: m_AnchoredPosition.x
      value: 0
      objectReference: {fileID: 0}
    - target: {fileID: 6873995026044239344, guid: 53d005867af70494587a59b51d37e9d7, type: 3}
      propertyPath: m_AnchoredPosition.y
      value: 0
      objectReference: {fileID: 0}
    - target: {fileID: 6873995026044239344, guid: 53d005867af70494587a59b51d37e9d7, type: 3}
      propertyPath: m_LocalEulerAnglesHint.x
      value: 0
      objectReference: {fileID: 0}
    - target: {fileID: 6873995026044239344, guid: 53d005867af70494587a59b51d37e9d7, type: 3}
      propertyPath: m_LocalEulerAnglesHint.y
      value: 0
      objectReference: {fileID: 0}
    - target: {fileID: 6873995026044239344, guid: 53d005867af70494587a59b51d37e9d7, type: 3}
      propertyPath: m_LocalEulerAnglesHint.z
      value: 0
      objectReference: {fileID: 0}
    - target: {fileID: 6873995026044239356, guid: 53d005867af70494587a59b51d37e9d7, type: 3}
      propertyPath: m_Name
      value: Canvas
      objectReference: {fileID: 0}
    m_RemovedComponents: []
  m_SourcePrefab: {fileID: 100100000, guid: 53d005867af70494587a59b51d37e9d7, type: 3}
--- !u!114 &1184412972 stripped
MonoBehaviour:
  m_CorrespondingSourceObject: {fileID: 6873995024482286093, guid: 53d005867af70494587a59b51d37e9d7, type: 3}
  m_PrefabInstance: {fileID: 1184412971}
  m_PrefabAsset: {fileID: 0}
  m_GameObject: {fileID: 0}
  m_Enabled: 1
  m_EditorHideFlags: 0
  m_Script: {fileID: 11500000, guid: 5f7201a12d95ffc409449d95f23cf332, type: 3}
  m_Name: 
  m_EditorClassIdentifier: 
--- !u!1 &1245600270
GameObject:
  m_ObjectHideFlags: 0
  m_CorrespondingSourceObject: {fileID: 0}
  m_PrefabInstance: {fileID: 0}
  m_PrefabAsset: {fileID: 0}
  serializedVersion: 6
  m_Component:
  - component: {fileID: 1245600272}
  - component: {fileID: 1245600271}
  m_Layer: 0
  m_Name: Grid (2)
  m_TagString: Untagged
  m_Icon: {fileID: 0}
  m_NavMeshLayer: 0
  m_StaticEditorFlags: 0
  m_IsActive: 1
--- !u!156049354 &1245600271
Grid:
  m_ObjectHideFlags: 0
  m_CorrespondingSourceObject: {fileID: 0}
  m_PrefabInstance: {fileID: 0}
  m_PrefabAsset: {fileID: 0}
  m_GameObject: {fileID: 1245600270}
  m_Enabled: 1
  m_CellSize: {x: 1, y: 1, z: 0}
  m_CellGap: {x: 0, y: 0, z: 0}
  m_CellLayout: 0
  m_CellSwizzle: 0
--- !u!4 &1245600272
Transform:
  m_ObjectHideFlags: 0
  m_CorrespondingSourceObject: {fileID: 0}
  m_PrefabInstance: {fileID: 0}
  m_PrefabAsset: {fileID: 0}
  m_GameObject: {fileID: 1245600270}
  m_LocalRotation: {x: 0, y: 0, z: 0, w: 1}
  m_LocalPosition: {x: 0, y: 0, z: 0}
  m_LocalScale: {x: 1, y: 1, z: 1}
  m_Children:
  - {fileID: 1943949601}
  m_Father: {fileID: 0}
  m_RootOrder: 14
  m_LocalEulerAnglesHint: {x: 0, y: 0, z: 0}
--- !u!1 &1310778932
GameObject:
  m_ObjectHideFlags: 0
  m_CorrespondingSourceObject: {fileID: 0}
  m_PrefabInstance: {fileID: 0}
  m_PrefabAsset: {fileID: 0}
  serializedVersion: 6
  m_Component:
  - component: {fileID: 1310778933}
  - component: {fileID: 1310778938}
  - component: {fileID: 1310778937}
  - component: {fileID: 1310778936}
  - component: {fileID: 1310778935}
  - component: {fileID: 1310778934}
  m_Layer: 0
  m_Name: Plataformas
  m_TagString: Suelo
  m_Icon: {fileID: 0}
  m_NavMeshLayer: 0
  m_StaticEditorFlags: 0
  m_IsActive: 1
--- !u!4 &1310778933
Transform:
  m_ObjectHideFlags: 0
  m_CorrespondingSourceObject: {fileID: 0}
  m_PrefabInstance: {fileID: 0}
  m_PrefabAsset: {fileID: 0}
  m_GameObject: {fileID: 1310778932}
  m_LocalRotation: {x: -0, y: -0, z: -0, w: 1}
  m_LocalPosition: {x: 0, y: 0, z: 0}
  m_LocalScale: {x: 1, y: 1, z: 1}
  m_Children: []
  m_Father: {fileID: 948100534}
  m_RootOrder: 0
  m_LocalEulerAnglesHint: {x: 0, y: 0, z: 0}
--- !u!66 &1310778934
CompositeCollider2D:
  m_ObjectHideFlags: 0
  m_CorrespondingSourceObject: {fileID: 0}
  m_PrefabInstance: {fileID: 0}
  m_PrefabAsset: {fileID: 0}
  m_GameObject: {fileID: 1310778932}
  m_Enabled: 1
  m_Density: 1
  m_Material: {fileID: 0}
  m_IsTrigger: 0
  m_UsedByEffector: 0
  m_UsedByComposite: 0
  m_Offset: {x: 0, y: 0}
  m_GeometryType: 0
  m_GenerationType: 0
  m_EdgeRadius: 0
  m_ColliderPaths:
  - m_Collider: {fileID: 1310778936}
    m_ColliderPaths:
    - - X: -62199904
        Y: -67800041
      - X: -62199904
        Y: 7800040
      - X: -62199963
        Y: 7800099
      - X: -127800041
        Y: 7800099
      - X: -127800100
        Y: 7800040
      - X: -127800100
        Y: -67800041
      - X: -127800041
        Y: -67800100
      - X: -62199963
        Y: -67800100
    - - X: -132199900
        Y: -67800041
      - X: -132199900
        Y: -2199959
      - X: -132199959
        Y: -2199900
      - X: -217800041
        Y: -2199900
      - X: -217800100
        Y: -2199959
      - X: -217800100
        Y: -67800041
      - X: -217800041
        Y: -67800100
      - X: -132199959
        Y: -67800100
    - - X: -222199900
        Y: -67800041
      - X: -222199900
        Y: -12199959
      - X: -222199959
        Y: -12199900
      - X: -247800041
        Y: -12199900
      - X: -247800100
        Y: -12199959
      - X: -247800100
        Y: -67800041
      - X: -247800041
        Y: -67800100
      - X: -222199959
        Y: -67800100
    - - X: -332199900
        Y: -67800041
      - X: -332199900
        Y: -22199959
      - X: -332199959
        Y: -22199900
      - X: -437800041
        Y: -22199900
      - X: -437800100
        Y: -22199959
      - X: -437800100
        Y: -67800041
      - X: -437800041
        Y: -67800100
      - X: -332199959
        Y: -67800100
    - - X: -252199900
        Y: -67800041
      - X: -252199900
        Y: -22199959
      - X: -252199959
        Y: -22199900
      - X: -297800041
        Y: -22199900
      - X: -297800100
        Y: -22199959
      - X: -297800100
        Y: -67800041
      - X: -297800041
        Y: -67800100
      - X: -252199959
        Y: -67800100
  m_CompositePaths:
    m_Paths:
    - - {x: -6.2200255, y: -6.7800097}
      - {x: -6.2200255, y: 0.7800099}
      - {x: -12.78001, y: 0.7799747}
      - {x: -12.779975, y: -6.7800097}
    - - {x: -13.220026, y: -6.7800097}
      - {x: -13.220026, y: -0.21999}
      - {x: -21.78001, y: -0.2200252}
      - {x: -21.779974, y: -6.7800097}
    - - {x: -22.220026, y: -6.7800097}
      - {x: -22.220026, y: -1.21999}
      - {x: -24.78001, y: -1.2200252}
      - {x: -24.779974, y: -6.7800097}
    - - {x: -33.220024, y: -6.7800097}
      - {x: -33.220024, y: -2.21999}
      - {x: -43.78001, y: -2.2200253}
      - {x: -43.779976, y: -6.7800097}
    - - {x: -25.220026, y: -6.7800097}
      - {x: -25.220026, y: -2.21999}
      - {x: -29.78001, y: -2.2200253}
      - {x: -29.779974, y: -6.7800097}
  m_VertexDistance: 0.0005
  m_OffsetDistance: 0.00005
--- !u!50 &1310778935
Rigidbody2D:
  serializedVersion: 4
  m_ObjectHideFlags: 0
  m_CorrespondingSourceObject: {fileID: 0}
  m_PrefabInstance: {fileID: 0}
  m_PrefabAsset: {fileID: 0}
  m_GameObject: {fileID: 1310778932}
  m_BodyType: 2
  m_Simulated: 1
  m_UseFullKinematicContacts: 0
  m_UseAutoMass: 0
  m_Mass: 1
  m_LinearDrag: 0
  m_AngularDrag: 0.05
  m_GravityScale: 1
  m_Material: {fileID: 0}
  m_Interpolate: 0
  m_SleepingMode: 1
  m_CollisionDetection: 0
  m_Constraints: 0
--- !u!19719996 &1310778936
TilemapCollider2D:
  m_ObjectHideFlags: 0
  m_CorrespondingSourceObject: {fileID: 0}
  m_PrefabInstance: {fileID: 0}
  m_PrefabAsset: {fileID: 0}
  m_GameObject: {fileID: 1310778932}
  m_Enabled: 1
  m_Density: 1
  m_Material: {fileID: 0}
  m_IsTrigger: 0
  m_UsedByEffector: 0
  m_UsedByComposite: 1
  m_Offset: {x: 0, y: 0}
  m_MaximumTileChangeCount: 1000
  m_ExtrusionFactor: 0.00001
--- !u!483693784 &1310778937
TilemapRenderer:
  m_ObjectHideFlags: 0
  m_CorrespondingSourceObject: {fileID: 0}
  m_PrefabInstance: {fileID: 0}
  m_PrefabAsset: {fileID: 0}
  m_GameObject: {fileID: 1310778932}
  m_Enabled: 1
  m_CastShadows: 0
  m_ReceiveShadows: 0
  m_DynamicOccludee: 1
  m_MotionVectors: 1
  m_LightProbeUsage: 0
  m_ReflectionProbeUsage: 0
  m_RayTracingMode: 0
  m_RayTraceProcedural: 0
  m_RenderingLayerMask: 1
  m_RendererPriority: 0
  m_Materials:
  - {fileID: 10754, guid: 0000000000000000f000000000000000, type: 0}
  m_StaticBatchInfo:
    firstSubMesh: 0
    subMeshCount: 0
  m_StaticBatchRoot: {fileID: 0}
  m_ProbeAnchor: {fileID: 0}
  m_LightProbeVolumeOverride: {fileID: 0}
  m_ScaleInLightmap: 1
  m_ReceiveGI: 1
  m_PreserveUVs: 0
  m_IgnoreNormalsForChartDetection: 0
  m_ImportantGI: 0
  m_StitchLightmapSeams: 1
  m_SelectedEditorRenderState: 0
  m_MinimumChartSize: 4
  m_AutoUVMaxDistance: 0.5
  m_AutoUVMaxAngle: 89
  m_LightmapParameters: {fileID: 0}
  m_SortingLayerID: 0
  m_SortingLayer: 0
  m_SortingOrder: 0
  m_ChunkSize: {x: 32, y: 32, z: 32}
  m_ChunkCullingBounds: {x: 0.78, y: 0.78, z: 0}
  m_MaxChunkCount: 16
  m_MaxFrameAge: 16
  m_SortOrder: 0
  m_Mode: 0
  m_DetectChunkCullingBounds: 0
  m_MaskInteraction: 0
--- !u!1839735485 &1310778938
Tilemap:
  m_ObjectHideFlags: 0
  m_CorrespondingSourceObject: {fileID: 0}
  m_PrefabInstance: {fileID: 0}
  m_PrefabAsset: {fileID: 0}
  m_GameObject: {fileID: 1310778932}
  m_Enabled: 1
  m_Tiles:
  - first: {x: -43, y: -6, z: 0}
    second:
      serializedVersion: 2
      m_TileIndex: 11
      m_TileSpriteIndex: 0
      m_TileMatrixIndex: 0
      m_TileColorIndex: 0
      m_TileObjectToInstantiateIndex: 65535
      dummyAlignment: 0
      m_AllTileFlags: 1073741825
  - first: {x: -41, y: -6, z: 0}
    second:
      serializedVersion: 2
      m_TileIndex: 11
      m_TileSpriteIndex: 0
      m_TileMatrixIndex: 0
      m_TileColorIndex: 0
      m_TileObjectToInstantiateIndex: 65535
      dummyAlignment: 0
      m_AllTileFlags: 1073741825
  - first: {x: -39, y: -6, z: 0}
    second:
      serializedVersion: 2
      m_TileIndex: 11
      m_TileSpriteIndex: 0
      m_TileMatrixIndex: 0
      m_TileColorIndex: 0
      m_TileObjectToInstantiateIndex: 65535
      dummyAlignment: 0
      m_AllTileFlags: 1073741825
  - first: {x: -37, y: -6, z: 0}
    second:
      serializedVersion: 2
      m_TileIndex: 11
      m_TileSpriteIndex: 0
      m_TileMatrixIndex: 0
      m_TileColorIndex: 0
      m_TileObjectToInstantiateIndex: 65535
      dummyAlignment: 0
      m_AllTileFlags: 1073741825
  - first: {x: -35, y: -6, z: 0}
    second:
      serializedVersion: 2
      m_TileIndex: 11
      m_TileSpriteIndex: 0
      m_TileMatrixIndex: 0
      m_TileColorIndex: 0
      m_TileObjectToInstantiateIndex: 65535
      dummyAlignment: 0
      m_AllTileFlags: 1073741825
  - first: {x: -29, y: -6, z: 0}
    second:
      serializedVersion: 2
      m_TileIndex: 19
      m_TileSpriteIndex: 1
      m_TileMatrixIndex: 0
      m_TileColorIndex: 0
      m_TileObjectToInstantiateIndex: 65535
      dummyAlignment: 0
      m_AllTileFlags: 1073741825
  - first: {x: -27, y: -6, z: 0}
    second:
      serializedVersion: 2
      m_TileIndex: 19
      m_TileSpriteIndex: 1
      m_TileMatrixIndex: 0
      m_TileColorIndex: 0
      m_TileObjectToInstantiateIndex: 65535
      dummyAlignment: 0
      m_AllTileFlags: 1073741825
  - first: {x: -24, y: -6, z: 0}
    second:
      serializedVersion: 2
      m_TileIndex: 3
      m_TileSpriteIndex: 2
      m_TileMatrixIndex: 0
      m_TileColorIndex: 0
      m_TileObjectToInstantiateIndex: 65535
      dummyAlignment: 0
      m_AllTileFlags: 1073741825
  - first: {x: -21, y: -6, z: 0}
    second:
      serializedVersion: 2
      m_TileIndex: 3
      m_TileSpriteIndex: 2
      m_TileMatrixIndex: 0
      m_TileColorIndex: 0
      m_TileObjectToInstantiateIndex: 65535
      dummyAlignment: 0
      m_AllTileFlags: 1073741825
  - first: {x: -20, y: -6, z: 0}
    second:
      serializedVersion: 2
      m_TileIndex: 3
      m_TileSpriteIndex: 2
      m_TileMatrixIndex: 0
      m_TileColorIndex: 0
      m_TileObjectToInstantiateIndex: 65535
      dummyAlignment: 0
      m_AllTileFlags: 1073741825
  - first: {x: -19, y: -6, z: 0}
    second:
      serializedVersion: 2
      m_TileIndex: 3
      m_TileSpriteIndex: 2
      m_TileMatrixIndex: 0
      m_TileColorIndex: 0
      m_TileObjectToInstantiateIndex: 65535
      dummyAlignment: 0
      m_AllTileFlags: 1073741825
  - first: {x: -18, y: -6, z: 0}
    second:
      serializedVersion: 2
      m_TileIndex: 3
      m_TileSpriteIndex: 2
      m_TileMatrixIndex: 0
      m_TileColorIndex: 0
      m_TileObjectToInstantiateIndex: 65535
      dummyAlignment: 0
      m_AllTileFlags: 1073741825
  - first: {x: -17, y: -6, z: 0}
    second:
      serializedVersion: 2
      m_TileIndex: 3
      m_TileSpriteIndex: 2
      m_TileMatrixIndex: 0
      m_TileColorIndex: 0
      m_TileObjectToInstantiateIndex: 65535
      dummyAlignment: 0
      m_AllTileFlags: 1073741825
  - first: {x: -15, y: -6, z: 0}
    second:
      serializedVersion: 2
      m_TileIndex: 15
      m_TileSpriteIndex: 3
      m_TileMatrixIndex: 0
      m_TileColorIndex: 0
      m_TileObjectToInstantiateIndex: 65535
      dummyAlignment: 0
      m_AllTileFlags: 1073741825
  - first: {x: -12, y: -6, z: 0}
    second:
      serializedVersion: 2
      m_TileIndex: 3
      m_TileSpriteIndex: 2
      m_TileMatrixIndex: 0
      m_TileColorIndex: 0
      m_TileObjectToInstantiateIndex: 65535
      dummyAlignment: 0
      m_AllTileFlags: 1073741825
  - first: {x: -10, y: -6, z: 0}
    second:
      serializedVersion: 2
      m_TileIndex: 3
      m_TileSpriteIndex: 2
      m_TileMatrixIndex: 0
      m_TileColorIndex: 0
      m_TileObjectToInstantiateIndex: 65535
      dummyAlignment: 0
      m_AllTileFlags: 1073741825
  - first: {x: -9, y: -6, z: 0}
    second:
      serializedVersion: 2
      m_TileIndex: 3
      m_TileSpriteIndex: 2
      m_TileMatrixIndex: 0
      m_TileColorIndex: 0
      m_TileObjectToInstantiateIndex: 65535
      dummyAlignment: 0
      m_AllTileFlags: 1073741825
  - first: {x: -8, y: -6, z: 0}
    second:
      serializedVersion: 2
      m_TileIndex: 3
      m_TileSpriteIndex: 2
      m_TileMatrixIndex: 0
      m_TileColorIndex: 0
      m_TileObjectToInstantiateIndex: 65535
      dummyAlignment: 0
      m_AllTileFlags: 1073741825
  - first: {x: -24, y: -5, z: 0}
    second:
      serializedVersion: 2
      m_TileIndex: 19
      m_TileSpriteIndex: 1
      m_TileMatrixIndex: 0
      m_TileColorIndex: 0
      m_TileObjectToInstantiateIndex: 65535
      dummyAlignment: 0
      m_AllTileFlags: 1073741825
  - first: {x: -12, y: -5, z: 0}
    second:
      serializedVersion: 2
      m_TileIndex: 3
      m_TileSpriteIndex: 2
      m_TileMatrixIndex: 0
      m_TileColorIndex: 0
      m_TileObjectToInstantiateIndex: 65535
      dummyAlignment: 0
      m_AllTileFlags: 1073741825
  - first: {x: -11, y: -5, z: 0}
    second:
      serializedVersion: 2
      m_TileIndex: 3
      m_TileSpriteIndex: 2
      m_TileMatrixIndex: 0
      m_TileColorIndex: 0
      m_TileObjectToInstantiateIndex: 65535
      dummyAlignment: 0
      m_AllTileFlags: 1073741825
  - first: {x: -10, y: -5, z: 0}
    second:
      serializedVersion: 2
      m_TileIndex: 3
      m_TileSpriteIndex: 2
      m_TileMatrixIndex: 0
      m_TileColorIndex: 0
      m_TileObjectToInstantiateIndex: 65535
      dummyAlignment: 0
      m_AllTileFlags: 1073741825
  - first: {x: -9, y: -5, z: 0}
    second:
      serializedVersion: 2
      m_TileIndex: 3
      m_TileSpriteIndex: 2
      m_TileMatrixIndex: 0
      m_TileColorIndex: 0
      m_TileObjectToInstantiateIndex: 65535
      dummyAlignment: 0
      m_AllTileFlags: 1073741825
  - first: {x: -8, y: -5, z: 0}
    second:
      serializedVersion: 2
      m_TileIndex: 3
      m_TileSpriteIndex: 2
      m_TileMatrixIndex: 0
      m_TileColorIndex: 0
      m_TileObjectToInstantiateIndex: 65535
      dummyAlignment: 0
      m_AllTileFlags: 1073741825
  - first: {x: -43, y: -4, z: 0}
    second:
      serializedVersion: 2
      m_TileIndex: 0
      m_TileSpriteIndex: 4
      m_TileMatrixIndex: 0
      m_TileColorIndex: 0
      m_TileObjectToInstantiateIndex: 65535
      dummyAlignment: 0
      m_AllTileFlags: 1073741825
  - first: {x: -41, y: -4, z: 0}
    second:
      serializedVersion: 2
      m_TileIndex: 1
      m_TileSpriteIndex: 5
      m_TileMatrixIndex: 0
      m_TileColorIndex: 0
      m_TileObjectToInstantiateIndex: 65535
      dummyAlignment: 0
      m_AllTileFlags: 1073741825
  - first: {x: -39, y: -4, z: 0}
    second:
      serializedVersion: 2
      m_TileIndex: 1
      m_TileSpriteIndex: 5
      m_TileMatrixIndex: 0
      m_TileColorIndex: 0
      m_TileObjectToInstantiateIndex: 65535
      dummyAlignment: 0
      m_AllTileFlags: 1073741825
  - first: {x: -37, y: -4, z: 0}
    second:
      serializedVersion: 2
      m_TileIndex: 1
      m_TileSpriteIndex: 5
      m_TileMatrixIndex: 0
      m_TileColorIndex: 0
      m_TileObjectToInstantiateIndex: 65535
      dummyAlignment: 0
      m_AllTileFlags: 1073741825
  - first: {x: -35, y: -4, z: 0}
    second:
      serializedVersion: 2
      m_TileIndex: 1
      m_TileSpriteIndex: 5
      m_TileMatrixIndex: 0
      m_TileColorIndex: 0
      m_TileObjectToInstantiateIndex: 65535
      dummyAlignment: 0
      m_AllTileFlags: 1073741825
  - first: {x: -29, y: -4, z: 0}
    second:
      serializedVersion: 2
      m_TileIndex: 1
      m_TileSpriteIndex: 5
      m_TileMatrixIndex: 0
      m_TileColorIndex: 0
      m_TileObjectToInstantiateIndex: 65535
      dummyAlignment: 0
      m_AllTileFlags: 1073741825
  - first: {x: -27, y: -4, z: 0}
    second:
      serializedVersion: 2
      m_TileIndex: 1
      m_TileSpriteIndex: 5
      m_TileMatrixIndex: 0
      m_TileColorIndex: 0
      m_TileObjectToInstantiateIndex: 65535
      dummyAlignment: 0
      m_AllTileFlags: 1073741825
  - first: {x: -21, y: -4, z: 0}
    second:
      serializedVersion: 2
      m_TileIndex: 19
      m_TileSpriteIndex: 1
      m_TileMatrixIndex: 0
      m_TileColorIndex: 0
      m_TileObjectToInstantiateIndex: 65535
      dummyAlignment: 0
      m_AllTileFlags: 1073741825
  - first: {x: -19, y: -4, z: 0}
    second:
      serializedVersion: 2
      m_TileIndex: 19
      m_TileSpriteIndex: 1
      m_TileMatrixIndex: 0
      m_TileColorIndex: 0
      m_TileObjectToInstantiateIndex: 65535
      dummyAlignment: 0
      m_AllTileFlags: 1073741825
  - first: {x: -17, y: -4, z: 0}
    second:
      serializedVersion: 2
      m_TileIndex: 3
      m_TileSpriteIndex: 2
      m_TileMatrixIndex: 0
      m_TileColorIndex: 0
      m_TileObjectToInstantiateIndex: 65535
      dummyAlignment: 0
      m_AllTileFlags: 1073741825
  - first: {x: -15, y: -4, z: 0}
    second:
      serializedVersion: 2
      m_TileIndex: 7
      m_TileSpriteIndex: 6
      m_TileMatrixIndex: 0
      m_TileColorIndex: 0
      m_TileObjectToInstantiateIndex: 65535
      dummyAlignment: 0
      m_AllTileFlags: 1073741825
  - first: {x: -38, y: -3, z: 0}
    second:
      serializedVersion: 2
      m_TileIndex: 10
      m_TileSpriteIndex: 4294967295
      m_TileMatrixIndex: 0
      m_TileColorIndex: 0
      m_TileObjectToInstantiateIndex: 65535
      dummyAlignment: 0
      m_AllTileFlags: 1073741825
  - first: {x: -24, y: -3, z: 0}
    second:
      serializedVersion: 2
      m_TileIndex: 0
      m_TileSpriteIndex: 4
      m_TileMatrixIndex: 0
      m_TileColorIndex: 0
      m_TileObjectToInstantiateIndex: 65535
      dummyAlignment: 0
      m_AllTileFlags: 1073741825
  - first: {x: -12, y: -3, z: 0}
    second:
      serializedVersion: 2
      m_TileIndex: 3
      m_TileSpriteIndex: 2
      m_TileMatrixIndex: 0
      m_TileColorIndex: 0
      m_TileObjectToInstantiateIndex: 65535
      dummyAlignment: 0
      m_AllTileFlags: 1073741825
  - first: {x: -10, y: -3, z: 0}
    second:
      serializedVersion: 2
      m_TileIndex: 3
      m_TileSpriteIndex: 2
      m_TileMatrixIndex: 0
      m_TileColorIndex: 0
      m_TileObjectToInstantiateIndex: 65535
      dummyAlignment: 0
      m_AllTileFlags: 1073741825
  - first: {x: -8, y: -3, z: 0}
    second:
      serializedVersion: 2
      m_TileIndex: 3
      m_TileSpriteIndex: 2
      m_TileMatrixIndex: 0
      m_TileColorIndex: 0
      m_TileObjectToInstantiateIndex: 65535
      dummyAlignment: 0
      m_AllTileFlags: 1073741825
  - first: {x: -21, y: -2, z: 0}
    second:
      serializedVersion: 2
      m_TileIndex: 16
      m_TileSpriteIndex: 7
      m_TileMatrixIndex: 0
      m_TileColorIndex: 0
      m_TileObjectToInstantiateIndex: 65535
      dummyAlignment: 0
      m_AllTileFlags: 1073741825
  - first: {x: -19, y: -2, z: 0}
    second:
      serializedVersion: 2
      m_TileIndex: 16
      m_TileSpriteIndex: 7
      m_TileMatrixIndex: 0
      m_TileColorIndex: 0
      m_TileObjectToInstantiateIndex: 65535
      dummyAlignment: 0
      m_AllTileFlags: 1073741825
  - first: {x: -17, y: -2, z: 0}
    second:
      serializedVersion: 2
      m_TileIndex: 1
      m_TileSpriteIndex: 5
      m_TileMatrixIndex: 0
      m_TileColorIndex: 0
      m_TileObjectToInstantiateIndex: 65535
      dummyAlignment: 0
      m_AllTileFlags: 1073741825
  - first: {x: -15, y: -2, z: 0}
    second:
      serializedVersion: 2
      m_TileIndex: 0
      m_TileSpriteIndex: 4
      m_TileMatrixIndex: 0
      m_TileColorIndex: 0
      m_TileObjectToInstantiateIndex: 65535
      dummyAlignment: 0
      m_AllTileFlags: 1073741825
  - first: {x: -20, y: -1, z: 0}
    second:
      serializedVersion: 2
      m_TileIndex: 18
      m_TileSpriteIndex: 4294967295
      m_TileMatrixIndex: 0
      m_TileColorIndex: 0
      m_TileObjectToInstantiateIndex: 65535
      dummyAlignment: 0
      m_AllTileFlags: 1073741825
  - first: {x: -12, y: -1, z: 0}
    second:
      serializedVersion: 2
      m_TileIndex: 17
      m_TileSpriteIndex: 8
      m_TileMatrixIndex: 0
      m_TileColorIndex: 0
      m_TileObjectToInstantiateIndex: 65535
      dummyAlignment: 0
      m_AllTileFlags: 1073741825
  - first: {x: -10, y: -1, z: 0}
    second:
      serializedVersion: 2
      m_TileIndex: 0
      m_TileSpriteIndex: 4
      m_TileMatrixIndex: 0
      m_TileColorIndex: 0
      m_TileObjectToInstantiateIndex: 65535
      dummyAlignment: 0
      m_AllTileFlags: 1073741825
  - first: {x: -8, y: -1, z: 0}
    second:
      serializedVersion: 2
      m_TileIndex: 1
      m_TileSpriteIndex: 5
      m_TileMatrixIndex: 0
      m_TileColorIndex: 0
      m_TileObjectToInstantiateIndex: 65535
      dummyAlignment: 0
      m_AllTileFlags: 1073741825
  m_AnimatedTiles: {}
  m_TileAssetArray:
  - m_RefCount: 4
    m_Data: {fileID: 11400000, guid: 55a4518161d59874b82453d2b4a0eb79, type: 2}
  - m_RefCount: 8
    m_Data: {fileID: 11400000, guid: f94143b45ff2c8148b0251e08105efec, type: 2}
  - m_RefCount: 0
    m_Data: {fileID: 0}
  - m_RefCount: 19
    m_Data: {fileID: 11400000, guid: 9685fe16394fb7f469aa9764ac7c506f, type: 2}
  - m_RefCount: 0
    m_Data: {fileID: 0}
  - m_RefCount: 0
    m_Data: {fileID: 0}
  - m_RefCount: 0
    m_Data: {fileID: 0}
  - m_RefCount: 1
    m_Data: {fileID: 11400000, guid: 93453171afe3ec449b8e1db414e18042, type: 2}
  - m_RefCount: 0
    m_Data: {fileID: 0}
  - m_RefCount: 0
    m_Data: {fileID: 0}
  - m_RefCount: 1
    m_Data: {fileID: 11400000, guid: 4953a6965d964f749b77be577e6d315b, type: 2}
  - m_RefCount: 5
    m_Data: {fileID: 11400000, guid: 7914b9f050462b249be48d7cdcd1634f, type: 2}
  - m_RefCount: 0
    m_Data: {fileID: 0}
  - m_RefCount: 0
    m_Data: {fileID: 0}
  - m_RefCount: 0
    m_Data: {fileID: 0}
  - m_RefCount: 1
    m_Data: {fileID: 11400000, guid: ab37bc349853c2349bf8cb9f943cc2f0, type: 2}
  - m_RefCount: 2
    m_Data: {fileID: 11400000, guid: c467fead925534a48924d9679d38f61d, type: 2}
  - m_RefCount: 1
    m_Data: {fileID: 11400000, guid: 27d4346e7be2c304ba1d8f7ee1cf388f, type: 2}
  - m_RefCount: 1
    m_Data: {fileID: 11400000, guid: 677aab43e34b7f3449d8c31d20b8e5cb, type: 2}
  - m_RefCount: 5
    m_Data: {fileID: 11400000, guid: 8afcfb84b89638849a4bc5b880e311ac, type: 2}
  m_TileSpriteArray:
  - m_RefCount: 5
    m_Data: {fileID: 21300000, guid: 5bbf36be5d90ce842b04311dfec1f3fc, type: 3}
  - m_RefCount: 5
    m_Data: {fileID: 21300000, guid: 91e7c6b4b78bac14996a7461f3cd3648, type: 3}
  - m_RefCount: 19
    m_Data: {fileID: 21300000, guid: 818f5c33f57454540951217553efbe57, type: 3}
  - m_RefCount: 1
    m_Data: {fileID: 21300000, guid: 58d505ee0adadac4281e31a5c5bd7464, type: 3}
  - m_RefCount: 4
    m_Data: {fileID: 21300000, guid: 66fb5ea25dcefc6459fe81bbfc769f03, type: 3}
  - m_RefCount: 8
    m_Data: {fileID: 21300000, guid: f495ce0d0ba0a0a43a317087f5239191, type: 3}
  - m_RefCount: 1
    m_Data: {fileID: 21300000, guid: 75713212eb3c98d44a192e2273fb1abd, type: 3}
  - m_RefCount: 2
    m_Data: {fileID: 21300000, guid: 3bde8b5bce7b615419f4414132340159, type: 3}
  - m_RefCount: 1
    m_Data: {fileID: 21300000, guid: f2943c351b31da541af99f22bf96e693, type: 3}
  m_TileMatrixArray:
  - m_RefCount: 48
    m_Data:
      e00: 1
      e01: 0
      e02: 0
      e03: 0
      e10: 0
      e11: 1
      e12: 0
      e13: 0
      e20: 0
      e21: 0
      e22: 1
      e23: 0
      e30: 0
      e31: 0
      e32: 0
      e33: 1
  m_TileColorArray:
  - m_RefCount: 48
    m_Data: {r: 1, g: 1, b: 1, a: 1}
  m_TileObjectToInstantiateArray: []
  m_AnimationFrameRate: 1
  m_Color: {r: 1, g: 1, b: 1, a: 1}
  m_Origin: {x: -43, y: -7, z: 0}
  m_Size: {x: 61, y: 11, z: 1}
  m_TileAnchor: {x: 0.5, y: 0.5, z: 0}
  m_TileOrientation: 0
  m_TileOrientationMatrix:
    e00: 1
    e01: 0
    e02: 0
    e03: 0
    e10: 0
    e11: 1
    e12: 0
    e13: 0
    e20: 0
    e21: 0
    e22: 1
    e23: 0
    e30: 0
    e31: 0
    e32: 0
    e33: 1
--- !u!1001 &1364537072
PrefabInstance:
  m_ObjectHideFlags: 0
  serializedVersion: 2
  m_Modification:
    m_TransformParent: {fileID: 0}
    m_Modifications:
    - target: {fileID: 8841531827835257905, guid: 9a39ea40475e0fa49a8a00caa98aea30, type: 3}
      propertyPath: m_RootOrder
      value: 3
      objectReference: {fileID: 0}
    - target: {fileID: 8841531827835257905, guid: 9a39ea40475e0fa49a8a00caa98aea30, type: 3}
      propertyPath: m_LocalPosition.x
      value: -14.65
      objectReference: {fileID: 0}
    - target: {fileID: 8841531827835257905, guid: 9a39ea40475e0fa49a8a00caa98aea30, type: 3}
      propertyPath: m_LocalPosition.y
      value: 4.24
      objectReference: {fileID: 0}
    - target: {fileID: 8841531827835257905, guid: 9a39ea40475e0fa49a8a00caa98aea30, type: 3}
      propertyPath: m_LocalPosition.z
      value: -3.0042377
      objectReference: {fileID: 0}
    - target: {fileID: 8841531827835257905, guid: 9a39ea40475e0fa49a8a00caa98aea30, type: 3}
      propertyPath: m_LocalRotation.w
      value: 1
      objectReference: {fileID: 0}
    - target: {fileID: 8841531827835257905, guid: 9a39ea40475e0fa49a8a00caa98aea30, type: 3}
      propertyPath: m_LocalRotation.x
      value: 0
      objectReference: {fileID: 0}
    - target: {fileID: 8841531827835257905, guid: 9a39ea40475e0fa49a8a00caa98aea30, type: 3}
      propertyPath: m_LocalRotation.y
      value: 0
      objectReference: {fileID: 0}
    - target: {fileID: 8841531827835257905, guid: 9a39ea40475e0fa49a8a00caa98aea30, type: 3}
      propertyPath: m_LocalRotation.z
      value: 0
      objectReference: {fileID: 0}
    - target: {fileID: 8841531827835257905, guid: 9a39ea40475e0fa49a8a00caa98aea30, type: 3}
      propertyPath: m_LocalEulerAnglesHint.x
      value: 0
      objectReference: {fileID: 0}
    - target: {fileID: 8841531827835257905, guid: 9a39ea40475e0fa49a8a00caa98aea30, type: 3}
      propertyPath: m_LocalEulerAnglesHint.y
      value: 0
      objectReference: {fileID: 0}
    - target: {fileID: 8841531827835257905, guid: 9a39ea40475e0fa49a8a00caa98aea30, type: 3}
      propertyPath: m_LocalEulerAnglesHint.z
      value: 0
      objectReference: {fileID: 0}
    - target: {fileID: 8841531827835257908, guid: 9a39ea40475e0fa49a8a00caa98aea30, type: 3}
      propertyPath: m_Name
      value: Roca Picuda
      objectReference: {fileID: 0}
    m_RemovedComponents: []
  m_SourcePrefab: {fileID: 100100000, guid: 9a39ea40475e0fa49a8a00caa98aea30, type: 3}
--- !u!1 &1465749604
GameObject:
  m_ObjectHideFlags: 0
  m_CorrespondingSourceObject: {fileID: 0}
  m_PrefabInstance: {fileID: 0}
  m_PrefabAsset: {fileID: 0}
  serializedVersion: 6
  m_Component:
  - component: {fileID: 1465749610}
  - component: {fileID: 1465749609}
  - component: {fileID: 1465749608}
  - component: {fileID: 1465749607}
  - component: {fileID: 1465749606}
  - component: {fileID: 1465749605}
  m_Layer: 0
  m_Name: Personaje
  m_TagString: Player
  m_Icon: {fileID: 0}
  m_NavMeshLayer: 0
  m_StaticEditorFlags: 0
  m_IsActive: 1
--- !u!50 &1465749605
Rigidbody2D:
  serializedVersion: 4
  m_ObjectHideFlags: 0
  m_CorrespondingSourceObject: {fileID: 0}
  m_PrefabInstance: {fileID: 0}
  m_PrefabAsset: {fileID: 0}
  m_GameObject: {fileID: 1465749604}
  m_BodyType: 0
  m_Simulated: 1
  m_UseFullKinematicContacts: 0
  m_UseAutoMass: 0
  m_Mass: 1
  m_LinearDrag: 0
  m_AngularDrag: 0.05
  m_GravityScale: 1.05
  m_Material: {fileID: 0}
  m_Interpolate: 0
  m_SleepingMode: 1
  m_CollisionDetection: 0
  m_Constraints: 4
--- !u!70 &1465749606
CapsuleCollider2D:
  m_ObjectHideFlags: 0
  m_CorrespondingSourceObject: {fileID: 0}
  m_PrefabInstance: {fileID: 0}
  m_PrefabAsset: {fileID: 0}
  m_GameObject: {fileID: 1465749604}
  m_Enabled: 1
  m_Density: 1
  m_Material: {fileID: 0}
  m_IsTrigger: 0
  m_UsedByEffector: 0
  m_UsedByComposite: 0
  m_Offset: {x: 0, y: 0.365}
  m_Size: {x: 0.73, y: 0.73}
  m_Direction: 0
--- !u!114 &1465749607
MonoBehaviour:
  m_ObjectHideFlags: 0
  m_CorrespondingSourceObject: {fileID: 0}
  m_PrefabInstance: {fileID: 0}
  m_PrefabAsset: {fileID: 0}
  m_GameObject: {fileID: 1465749604}
  m_Enabled: 1
  m_EditorHideFlags: 0
  m_Script: {fileID: 11500000, guid: 42668bd570981d94eb07a87f9bbcf942, type: 3}
  m_Name: 
  m_EditorClassIdentifier: 
  personajeAnimator: {fileID: 1465749608}
  personajeSprite: {fileID: 1465749609}
  rigidbody2d: {fileID: 1465749605}
  vel: 0.025
  Suelo: 0
  velSalto: 6
  distance: 0.1
--- !u!95 &1465749608
Animator:
  serializedVersion: 3
  m_ObjectHideFlags: 0
  m_CorrespondingSourceObject: {fileID: 0}
  m_PrefabInstance: {fileID: 0}
  m_PrefabAsset: {fileID: 0}
  m_GameObject: {fileID: 1465749604}
  m_Enabled: 1
  m_Avatar: {fileID: 0}
  m_Controller: {fileID: 9100000, guid: 4e9508f38ce94ef488201a81b702e5be, type: 2}
  m_CullingMode: 0
  m_UpdateMode: 0
  m_ApplyRootMotion: 0
  m_LinearVelocityBlending: 0
  m_WarningMessage: 
  m_HasTransformHierarchy: 1
  m_AllowConstantClipSamplingOptimization: 1
  m_KeepAnimatorControllerStateOnDisable: 0
--- !u!212 &1465749609
SpriteRenderer:
  m_ObjectHideFlags: 0
  m_CorrespondingSourceObject: {fileID: 0}
  m_PrefabInstance: {fileID: 0}
  m_PrefabAsset: {fileID: 0}
  m_GameObject: {fileID: 1465749604}
  m_Enabled: 1
  m_CastShadows: 0
  m_ReceiveShadows: 0
  m_DynamicOccludee: 1
  m_MotionVectors: 1
  m_LightProbeUsage: 1
  m_ReflectionProbeUsage: 1
  m_RayTracingMode: 0
  m_RayTraceProcedural: 0
  m_RenderingLayerMask: 1
  m_RendererPriority: 0
  m_Materials:
  - {fileID: 10754, guid: 0000000000000000f000000000000000, type: 0}
  m_StaticBatchInfo:
    firstSubMesh: 0
    subMeshCount: 0
  m_StaticBatchRoot: {fileID: 0}
  m_ProbeAnchor: {fileID: 0}
  m_LightProbeVolumeOverride: {fileID: 0}
  m_ScaleInLightmap: 1
  m_ReceiveGI: 1
  m_PreserveUVs: 0
  m_IgnoreNormalsForChartDetection: 0
  m_ImportantGI: 0
  m_StitchLightmapSeams: 1
  m_SelectedEditorRenderState: 0
  m_MinimumChartSize: 4
  m_AutoUVMaxDistance: 0.5
  m_AutoUVMaxAngle: 89
  m_LightmapParameters: {fileID: 0}
  m_SortingLayerID: 0
  m_SortingLayer: 0
  m_SortingOrder: 0
  m_Sprite: {fileID: 2976041059057689810, guid: c483493eb3ec0f143b5d78ad823ac661, type: 3}
  m_Color: {r: 1, g: 1, b: 1, a: 1}
  m_FlipX: 0
  m_FlipY: 0
  m_DrawMode: 0
  m_Size: {x: 1, y: 1}
  m_AdaptiveModeThreshold: 0.5
  m_SpriteTileMode: 0
  m_WasSpriteAssigned: 1
  m_MaskInteraction: 0
  m_SpriteSortPoint: 0
--- !u!4 &1465749610
Transform:
  m_ObjectHideFlags: 0
  m_CorrespondingSourceObject: {fileID: 0}
  m_PrefabInstance: {fileID: 0}
  m_PrefabAsset: {fileID: 0}
  m_GameObject: {fileID: 1465749604}
  m_LocalRotation: {x: 0, y: 0, z: 0, w: 1}
  m_LocalPosition: {x: -43.38, y: -1.13, z: -0.18}
  m_LocalScale: {x: 1, y: 1, z: 1}
  m_Children:
  - {fileID: 1544359665}
  m_Father: {fileID: 0}
  m_RootOrder: 0
  m_LocalEulerAnglesHint: {x: 0, y: 0, z: 0}
--- !u!1 &1544359664
GameObject:
  m_ObjectHideFlags: 0
  m_CorrespondingSourceObject: {fileID: 0}
  m_PrefabInstance: {fileID: 0}
  m_PrefabAsset: {fileID: 0}
  serializedVersion: 6
  m_Component:
  - component: {fileID: 1544359665}
  - component: {fileID: 1544359667}
  - component: {fileID: 1544359666}
  m_Layer: 0
  m_Name: Main Camera
  m_TagString: MainCamera
  m_Icon: {fileID: 0}
  m_NavMeshLayer: 0
  m_StaticEditorFlags: 0
  m_IsActive: 1
--- !u!4 &1544359665
Transform:
  m_ObjectHideFlags: 0
  m_CorrespondingSourceObject: {fileID: 0}
  m_PrefabInstance: {fileID: 0}
  m_PrefabAsset: {fileID: 0}
  m_GameObject: {fileID: 1544359664}
  m_LocalRotation: {x: -0, y: -0, z: -0, w: 1}
  m_LocalPosition: {x: 0, y: 1.1899999, z: -13.719999}
  m_LocalScale: {x: 1, y: 1, z: 1}
  m_Children: []
  m_Father: {fileID: 1465749610}
  m_RootOrder: 0
  m_LocalEulerAnglesHint: {x: 0, y: 0, z: 0}
--- !u!81 &1544359666
AudioListener:
  m_ObjectHideFlags: 0
  m_CorrespondingSourceObject: {fileID: 0}
  m_PrefabInstance: {fileID: 0}
  m_PrefabAsset: {fileID: 0}
  m_GameObject: {fileID: 1544359664}
  m_Enabled: 1
--- !u!20 &1544359667
Camera:
  m_ObjectHideFlags: 0
  m_CorrespondingSourceObject: {fileID: 0}
  m_PrefabInstance: {fileID: 0}
  m_PrefabAsset: {fileID: 0}
  m_GameObject: {fileID: 1544359664}
  m_Enabled: 1
  serializedVersion: 2
  m_ClearFlags: 2
  m_BackGroundColor: {r: 0.19215687, g: 0.3019608, b: 0.4745098, a: 0}
  m_projectionMatrixMode: 1
  m_GateFitMode: 2
  m_FOVAxisMode: 0
  m_SensorSize: {x: 36, y: 24}
  m_LensShift: {x: 0, y: 0}
  m_FocalLength: 50
  m_NormalizedViewPortRect:
    serializedVersion: 2
    x: 0
    y: 0
    width: 1
    height: 1
  near clip plane: 0.3
  far clip plane: 1000
  field of view: 60
  orthographic: 1
  orthographic size: 5
  m_Depth: -1
  m_CullingMask:
    serializedVersion: 2
    m_Bits: 4294967295
  m_RenderingPath: -1
  m_TargetTexture: {fileID: 0}
  m_TargetDisplay: 0
  m_TargetEye: 0
  m_HDR: 1
  m_AllowMSAA: 0
  m_AllowDynamicResolution: 0
  m_ForceIntoRT: 0
  m_OcclusionCulling: 0
  m_StereoConvergence: 10
  m_StereoSeparation: 0.022
--- !u!1001 &1653114988
PrefabInstance:
  m_ObjectHideFlags: 0
  serializedVersion: 2
  m_Modification:
    m_TransformParent: {fileID: 0}
    m_Modifications:
    - target: {fileID: 8573465913896573002, guid: 2643c13f4e3539245a1bc86a04c05a14, type: 3}
      propertyPath: m_RootOrder
      value: 11
      objectReference: {fileID: 0}
    - target: {fileID: 8573465913896573002, guid: 2643c13f4e3539245a1bc86a04c05a14, type: 3}
      propertyPath: m_LocalPosition.x
      value: -27.39
      objectReference: {fileID: 0}
    - target: {fileID: 8573465913896573002, guid: 2643c13f4e3539245a1bc86a04c05a14, type: 3}
      propertyPath: m_LocalPosition.y
      value: -1.99
      objectReference: {fileID: 0}
    - target: {fileID: 8573465913896573002, guid: 2643c13f4e3539245a1bc86a04c05a14, type: 3}
      propertyPath: m_LocalPosition.z
      value: 0
      objectReference: {fileID: 0}
    - target: {fileID: 8573465913896573002, guid: 2643c13f4e3539245a1bc86a04c05a14, type: 3}
      propertyPath: m_LocalRotation.w
      value: 1
      objectReference: {fileID: 0}
    - target: {fileID: 8573465913896573002, guid: 2643c13f4e3539245a1bc86a04c05a14, type: 3}
      propertyPath: m_LocalRotation.x
      value: 0
      objectReference: {fileID: 0}
    - target: {fileID: 8573465913896573002, guid: 2643c13f4e3539245a1bc86a04c05a14, type: 3}
      propertyPath: m_LocalRotation.y
      value: 0
      objectReference: {fileID: 0}
    - target: {fileID: 8573465913896573002, guid: 2643c13f4e3539245a1bc86a04c05a14, type: 3}
      propertyPath: m_LocalRotation.z
      value: 0
      objectReference: {fileID: 0}
    - target: {fileID: 8573465913896573002, guid: 2643c13f4e3539245a1bc86a04c05a14, type: 3}
      propertyPath: m_LocalEulerAnglesHint.x
      value: 0
      objectReference: {fileID: 0}
    - target: {fileID: 8573465913896573002, guid: 2643c13f4e3539245a1bc86a04c05a14, type: 3}
      propertyPath: m_LocalEulerAnglesHint.y
      value: 0
      objectReference: {fileID: 0}
    - target: {fileID: 8573465913896573002, guid: 2643c13f4e3539245a1bc86a04c05a14, type: 3}
      propertyPath: m_LocalEulerAnglesHint.z
      value: 0
      objectReference: {fileID: 0}
    - target: {fileID: 8573465913896573015, guid: 2643c13f4e3539245a1bc86a04c05a14, type: 3}
      propertyPath: m_Name
      value: moneda (1)
      objectReference: {fileID: 0}
    m_RemovedComponents: []
  m_SourcePrefab: {fileID: 100100000, guid: 2643c13f4e3539245a1bc86a04c05a14, type: 3}
--- !u!1001 &1803788352
PrefabInstance:
  m_ObjectHideFlags: 0
  serializedVersion: 2
  m_Modification:
    m_TransformParent: {fileID: 0}
    m_Modifications:
    - target: {fileID: 8573465913896573002, guid: 2643c13f4e3539245a1bc86a04c05a14, type: 3}
      propertyPath: m_RootOrder
      value: 2
      objectReference: {fileID: 0}
    - target: {fileID: 8573465913896573002, guid: 2643c13f4e3539245a1bc86a04c05a14, type: 3}
      propertyPath: m_LocalPosition.x
      value: -36.72
      objectReference: {fileID: 0}
    - target: {fileID: 8573465913896573002, guid: 2643c13f4e3539245a1bc86a04c05a14, type: 3}
      propertyPath: m_LocalPosition.y
      value: -0.71
      objectReference: {fileID: 0}
    - target: {fileID: 8573465913896573002, guid: 2643c13f4e3539245a1bc86a04c05a14, type: 3}
      propertyPath: m_LocalPosition.z
      value: 0
      objectReference: {fileID: 0}
    - target: {fileID: 8573465913896573002, guid: 2643c13f4e3539245a1bc86a04c05a14, type: 3}
      propertyPath: m_LocalRotation.w
      value: 1
      objectReference: {fileID: 0}
    - target: {fileID: 8573465913896573002, guid: 2643c13f4e3539245a1bc86a04c05a14, type: 3}
      propertyPath: m_LocalRotation.x
      value: 0
      objectReference: {fileID: 0}
    - target: {fileID: 8573465913896573002, guid: 2643c13f4e3539245a1bc86a04c05a14, type: 3}
      propertyPath: m_LocalRotation.y
      value: 0
      objectReference: {fileID: 0}
    - target: {fileID: 8573465913896573002, guid: 2643c13f4e3539245a1bc86a04c05a14, type: 3}
      propertyPath: m_LocalRotation.z
      value: 0
      objectReference: {fileID: 0}
    - target: {fileID: 8573465913896573002, guid: 2643c13f4e3539245a1bc86a04c05a14, type: 3}
      propertyPath: m_LocalEulerAnglesHint.x
      value: 0
      objectReference: {fileID: 0}
    - target: {fileID: 8573465913896573002, guid: 2643c13f4e3539245a1bc86a04c05a14, type: 3}
      propertyPath: m_LocalEulerAnglesHint.y
      value: 0
      objectReference: {fileID: 0}
    - target: {fileID: 8573465913896573002, guid: 2643c13f4e3539245a1bc86a04c05a14, type: 3}
      propertyPath: m_LocalEulerAnglesHint.z
      value: 0
      objectReference: {fileID: 0}
    - target: {fileID: 8573465913896573015, guid: 2643c13f4e3539245a1bc86a04c05a14, type: 3}
      propertyPath: m_Name
      value: moneda
      objectReference: {fileID: 0}
    m_RemovedComponents: []
  m_SourcePrefab: {fileID: 100100000, guid: 2643c13f4e3539245a1bc86a04c05a14, type: 3}
--- !u!1001 &1870059118
PrefabInstance:
  m_ObjectHideFlags: 0
  serializedVersion: 2
  m_Modification:
    m_TransformParent: {fileID: 0}
    m_Modifications:
    - target: {fileID: 8573465913896573002, guid: 2643c13f4e3539245a1bc86a04c05a14, type: 3}
      propertyPath: m_RootOrder
      value: 6
      objectReference: {fileID: 0}
    - target: {fileID: 8573465913896573002, guid: 2643c13f4e3539245a1bc86a04c05a14, type: 3}
      propertyPath: m_LocalPosition.x
      value: -19.3
      objectReference: {fileID: 0}
    - target: {fileID: 8573465913896573002, guid: 2643c13f4e3539245a1bc86a04c05a14, type: 3}
      propertyPath: m_LocalPosition.y
      value: 0.25
      objectReference: {fileID: 0}
    - target: {fileID: 8573465913896573002, guid: 2643c13f4e3539245a1bc86a04c05a14, type: 3}
      propertyPath: m_LocalPosition.z
      value: 0
      objectReference: {fileID: 0}
    - target: {fileID: 8573465913896573002, guid: 2643c13f4e3539245a1bc86a04c05a14, type: 3}
      propertyPath: m_LocalRotation.w
      value: 1
      objectReference: {fileID: 0}
    - target: {fileID: 8573465913896573002, guid: 2643c13f4e3539245a1bc86a04c05a14, type: 3}
      propertyPath: m_LocalRotation.x
      value: 0
      objectReference: {fileID: 0}
    - target: {fileID: 8573465913896573002, guid: 2643c13f4e3539245a1bc86a04c05a14, type: 3}
      propertyPath: m_LocalRotation.y
      value: 0
      objectReference: {fileID: 0}
    - target: {fileID: 8573465913896573002, guid: 2643c13f4e3539245a1bc86a04c05a14, type: 3}
      propertyPath: m_LocalRotation.z
      value: 0
      objectReference: {fileID: 0}
    - target: {fileID: 8573465913896573002, guid: 2643c13f4e3539245a1bc86a04c05a14, type: 3}
      propertyPath: m_LocalEulerAnglesHint.x
      value: 0
      objectReference: {fileID: 0}
    - target: {fileID: 8573465913896573002, guid: 2643c13f4e3539245a1bc86a04c05a14, type: 3}
      propertyPath: m_LocalEulerAnglesHint.y
      value: 0
      objectReference: {fileID: 0}
    - target: {fileID: 8573465913896573002, guid: 2643c13f4e3539245a1bc86a04c05a14, type: 3}
      propertyPath: m_LocalEulerAnglesHint.z
      value: 0
      objectReference: {fileID: 0}
    - target: {fileID: 8573465913896573015, guid: 2643c13f4e3539245a1bc86a04c05a14, type: 3}
      propertyPath: m_Name
      value: moneda (3)
      objectReference: {fileID: 0}
    m_RemovedComponents: []
  m_SourcePrefab: {fileID: 100100000, guid: 2643c13f4e3539245a1bc86a04c05a14, type: 3}
--- !u!1 &1908569049
GameObject:
  m_ObjectHideFlags: 0
  m_CorrespondingSourceObject: {fileID: 0}
  m_PrefabInstance: {fileID: 0}
  m_PrefabAsset: {fileID: 0}
  serializedVersion: 6
  m_Component:
  - component: {fileID: 1908569050}
  - component: {fileID: 1908569052}
  - component: {fileID: 1908569051}
  m_Layer: 0
  m_Name: Arboles
  m_TagString: Untagged
  m_Icon: {fileID: 0}
  m_NavMeshLayer: 0
  m_StaticEditorFlags: 0
  m_IsActive: 1
--- !u!4 &1908569050
Transform:
  m_ObjectHideFlags: 0
  m_CorrespondingSourceObject: {fileID: 0}
  m_PrefabInstance: {fileID: 0}
  m_PrefabAsset: {fileID: 0}
  m_GameObject: {fileID: 1908569049}
  m_LocalRotation: {x: -0, y: -0, z: -0, w: 1}
  m_LocalPosition: {x: 0, y: 0, z: 13.3}
  m_LocalScale: {x: 1, y: 1, z: 1}
  m_Children: []
  m_Father: {fileID: 1079619883}
  m_RootOrder: 0
  m_LocalEulerAnglesHint: {x: 0, y: 0, z: 0}
--- !u!483693784 &1908569051
TilemapRenderer:
  m_ObjectHideFlags: 0
  m_CorrespondingSourceObject: {fileID: 0}
  m_PrefabInstance: {fileID: 0}
  m_PrefabAsset: {fileID: 0}
  m_GameObject: {fileID: 1908569049}
  m_Enabled: 1
  m_CastShadows: 0
  m_ReceiveShadows: 0
  m_DynamicOccludee: 1
  m_MotionVectors: 1
  m_LightProbeUsage: 0
  m_ReflectionProbeUsage: 0
  m_RayTracingMode: 0
  m_RayTraceProcedural: 0
  m_RenderingLayerMask: 1
  m_RendererPriority: 0
  m_Materials:
  - {fileID: 10754, guid: 0000000000000000f000000000000000, type: 0}
  m_StaticBatchInfo:
    firstSubMesh: 0
    subMeshCount: 0
  m_StaticBatchRoot: {fileID: 0}
  m_ProbeAnchor: {fileID: 0}
  m_LightProbeVolumeOverride: {fileID: 0}
  m_ScaleInLightmap: 1
  m_ReceiveGI: 1
  m_PreserveUVs: 0
  m_IgnoreNormalsForChartDetection: 0
  m_ImportantGI: 0
  m_StitchLightmapSeams: 1
  m_SelectedEditorRenderState: 0
  m_MinimumChartSize: 4
  m_AutoUVMaxDistance: 0.5
  m_AutoUVMaxAngle: 89
  m_LightmapParameters: {fileID: 0}
  m_SortingLayerID: 0
  m_SortingLayer: 0
  m_SortingOrder: 0
  m_ChunkSize: {x: 32, y: 32, z: 32}
  m_ChunkCullingBounds: {x: 0, y: 0, z: 0}
  m_MaxChunkCount: 16
  m_MaxFrameAge: 16
  m_SortOrder: 0
  m_Mode: 0
  m_DetectChunkCullingBounds: 0
  m_MaskInteraction: 0
--- !u!1839735485 &1908569052
Tilemap:
  m_ObjectHideFlags: 0
  m_CorrespondingSourceObject: {fileID: 0}
  m_PrefabInstance: {fileID: 0}
  m_PrefabAsset: {fileID: 0}
  m_GameObject: {fileID: 1908569049}
  m_Enabled: 1
  m_Tiles: {}
  m_AnimatedTiles: {}
  m_TileAssetArray:
  - m_RefCount: 0
    m_Data: {fileID: 0}
  m_TileSpriteArray:
  - m_RefCount: 0
    m_Data: {fileID: 0}
  m_TileMatrixArray:
  - m_RefCount: 0
    m_Data:
      e00: 1.084227e-19
      e01: -1.1413775e-34
      e02: -1.1412764e-34
      e03: -1.1412764e-34
      e10: 7.06e-43
      e11: 2.13e-43
      e12: 2.13e-43
      e13: 2.13e-43
      e20: 2.5262015e-11
      e21: -2.5438212e-29
      e22: -4.5117836
      e23: -2.5438212e-29
      e30: 4.5904e-41
      e31: 7.08e-43
      e32: 7.05e-43
      e33: 7.08e-43
  m_TileColorArray:
  - m_RefCount: 0
    m_Data: {r: -2.5436286e-29, g: -2.5436286e-29, b: -2.5436286e-29, a: -2.5436286e-29}
  m_TileObjectToInstantiateArray: []
  m_AnimationFrameRate: 1
  m_Color: {r: 1, g: 1, b: 1, a: 1}
  m_Origin: {x: -41, y: 0, z: 0}
  m_Size: {x: 46, y: 4, z: 1}
  m_TileAnchor: {x: 0.5, y: 0.5, z: 0}
  m_TileOrientation: 0
  m_TileOrientationMatrix:
    e00: 1
    e01: 0
    e02: 0
    e03: 0
    e10: 0
    e11: 1
    e12: 0
    e13: 0
    e20: 0
    e21: 0
    e22: 1
    e23: 0
    e30: 0
    e31: 0
    e32: 0
    e33: 1
--- !u!1 &1943949600
GameObject:
  m_ObjectHideFlags: 0
  m_CorrespondingSourceObject: {fileID: 0}
  m_PrefabInstance: {fileID: 0}
  m_PrefabAsset: {fileID: 0}
  serializedVersion: 6
  m_Component:
  - component: {fileID: 1943949601}
  - component: {fileID: 1943949603}
  - component: {fileID: 1943949602}
  m_Layer: 0
  m_Name: "Peque\xF1itos"
  m_TagString: Untagged
  m_Icon: {fileID: 0}
  m_NavMeshLayer: 0
  m_StaticEditorFlags: 0
  m_IsActive: 1
--- !u!4 &1943949601
Transform:
  m_ObjectHideFlags: 0
  m_CorrespondingSourceObject: {fileID: 0}
  m_PrefabInstance: {fileID: 0}
  m_PrefabAsset: {fileID: 0}
  m_GameObject: {fileID: 1943949600}
  m_LocalRotation: {x: -0, y: -0, z: -0, w: 1}
  m_LocalPosition: {x: 0, y: 0, z: -9.5}
  m_LocalScale: {x: 1, y: 1, z: 1}
  m_Children: []
  m_Father: {fileID: 1245600272}
  m_RootOrder: 0
  m_LocalEulerAnglesHint: {x: 0, y: 0, z: 0}
--- !u!483693784 &1943949602
TilemapRenderer:
  m_ObjectHideFlags: 0
  m_CorrespondingSourceObject: {fileID: 0}
  m_PrefabInstance: {fileID: 0}
  m_PrefabAsset: {fileID: 0}
  m_GameObject: {fileID: 1943949600}
  m_Enabled: 1
  m_CastShadows: 0
  m_ReceiveShadows: 0
  m_DynamicOccludee: 1
  m_MotionVectors: 1
  m_LightProbeUsage: 0
  m_ReflectionProbeUsage: 0
  m_RayTracingMode: 0
  m_RayTraceProcedural: 0
  m_RenderingLayerMask: 1
  m_RendererPriority: 0
  m_Materials:
  - {fileID: 10754, guid: 0000000000000000f000000000000000, type: 0}
  m_StaticBatchInfo:
    firstSubMesh: 0
    subMeshCount: 0
  m_StaticBatchRoot: {fileID: 0}
  m_ProbeAnchor: {fileID: 0}
  m_LightProbeVolumeOverride: {fileID: 0}
  m_ScaleInLightmap: 1
  m_ReceiveGI: 1
  m_PreserveUVs: 0
  m_IgnoreNormalsForChartDetection: 0
  m_ImportantGI: 0
  m_StitchLightmapSeams: 1
  m_SelectedEditorRenderState: 0
  m_MinimumChartSize: 4
  m_AutoUVMaxDistance: 0.5
  m_AutoUVMaxAngle: 89
  m_LightmapParameters: {fileID: 0}
  m_SortingLayerID: 0
  m_SortingLayer: 0
  m_SortingOrder: 5
  m_ChunkSize: {x: 32, y: 32, z: 32}
  m_ChunkCullingBounds: {x: 0.78, y: 0.14499998, z: 0}
  m_MaxChunkCount: 16
  m_MaxFrameAge: 16
  m_SortOrder: 0
  m_Mode: 0
  m_DetectChunkCullingBounds: 0
  m_MaskInteraction: 0
--- !u!1839735485 &1943949603
Tilemap:
  m_ObjectHideFlags: 0
  m_CorrespondingSourceObject: {fileID: 0}
  m_PrefabInstance: {fileID: 0}
  m_PrefabAsset: {fileID: 0}
  m_GameObject: {fileID: 1943949600}
  m_Enabled: 1
  m_Tiles:
  - first: {x: -24, y: -3, z: 0}
    second:
      serializedVersion: 2
      m_TileIndex: 6
      m_TileSpriteIndex: 0
      m_TileMatrixIndex: 0
      m_TileColorIndex: 0
      m_TileObjectToInstantiateIndex: 65535
      dummyAlignment: 0
      m_AllTileFlags: 1073741825
  - first: {x: -22, y: -3, z: 0}
    second:
      serializedVersion: 2
      m_TileIndex: 7
      m_TileSpriteIndex: 4294967295
      m_TileMatrixIndex: 0
      m_TileColorIndex: 0
      m_TileObjectToInstantiateIndex: 65535
      dummyAlignment: 0
      m_AllTileFlags: 1073741825
  - first: {x: -43, y: -2, z: 0}
    second:
      serializedVersion: 2
      m_TileIndex: 1
      m_TileSpriteIndex: 4294967295
      m_TileMatrixIndex: 0
      m_TileColorIndex: 0
      m_TileObjectToInstantiateIndex: 65535
      dummyAlignment: 0
      m_AllTileFlags: 1073741825
  - first: {x: -41, y: -2, z: 0}
    second:
      serializedVersion: 2
      m_TileIndex: 0
      m_TileSpriteIndex: 4294967295
      m_TileMatrixIndex: 0
      m_TileColorIndex: 0
      m_TileObjectToInstantiateIndex: 65535
      dummyAlignment: 0
      m_AllTileFlags: 1073741825
  - first: {x: -39, y: -2, z: 0}
    second:
      serializedVersion: 2
      m_TileIndex: 2
      m_TileSpriteIndex: 4294967295
      m_TileMatrixIndex: 0
      m_TileColorIndex: 0
      m_TileObjectToInstantiateIndex: 65535
      dummyAlignment: 0
      m_AllTileFlags: 1073741825
  - first: {x: -36, y: -2, z: 0}
    second:
      serializedVersion: 2
      m_TileIndex: 3
      m_TileSpriteIndex: 4294967295
      m_TileMatrixIndex: 0
      m_TileColorIndex: 0
      m_TileObjectToInstantiateIndex: 65535
      dummyAlignment: 0
      m_AllTileFlags: 1073741825
  - first: {x: -29, y: -2, z: 0}
    second:
      serializedVersion: 2
      m_TileIndex: 4
      m_TileSpriteIndex: 4294967295
      m_TileMatrixIndex: 0
      m_TileColorIndex: 0
      m_TileObjectToInstantiateIndex: 65535
      dummyAlignment: 0
      m_AllTileFlags: 1073741825
  - first: {x: -28, y: -2, z: 0}
    second:
      serializedVersion: 2
      m_TileIndex: 5
      m_TileSpriteIndex: 4294967295
      m_TileMatrixIndex: 0
      m_TileColorIndex: 0
      m_TileObjectToInstantiateIndex: 65535
      dummyAlignment: 0
      m_AllTileFlags: 1073741825
  - first: {x: -19, y: -2, z: 0}
    second:
      serializedVersion: 2
      m_TileIndex: 8
      m_TileSpriteIndex: 4294967295
      m_TileMatrixIndex: 0
      m_TileColorIndex: 0
      m_TileObjectToInstantiateIndex: 65535
      dummyAlignment: 0
      m_AllTileFlags: 1073741825
  - first: {x: -15, y: -2, z: 0}
    second:
      serializedVersion: 2
      m_TileIndex: 5
      m_TileSpriteIndex: 4294967295
      m_TileMatrixIndex: 0
      m_TileColorIndex: 0
      m_TileObjectToInstantiateIndex: 65535
      dummyAlignment: 0
      m_AllTileFlags: 1073741825
  - first: {x: -13, y: -2, z: 0}
    second:
      serializedVersion: 2
      m_TileIndex: 3
      m_TileSpriteIndex: 4294967295
      m_TileMatrixIndex: 0
      m_TileColorIndex: 0
      m_TileObjectToInstantiateIndex: 65535
      dummyAlignment: 0
      m_AllTileFlags: 1073741825
  - first: {x: -11, y: -2, z: 0}
    second:
      serializedVersion: 2
      m_TileIndex: 2
      m_TileSpriteIndex: 4294967295
      m_TileMatrixIndex: 0
      m_TileColorIndex: 0
      m_TileObjectToInstantiateIndex: 65535
      dummyAlignment: 0
      m_AllTileFlags: 1073741825
  - first: {x: -9, y: -2, z: 0}
    second:
      serializedVersion: 2
      m_TileIndex: 4
      m_TileSpriteIndex: 4294967295
      m_TileMatrixIndex: 0
      m_TileColorIndex: 0
      m_TileObjectToInstantiateIndex: 65535
      dummyAlignment: 0
      m_AllTileFlags: 1073741825
  - first: {x: -3, y: -2, z: 0}
    second:
      serializedVersion: 2
      m_TileIndex: 1
      m_TileSpriteIndex: 4294967295
      m_TileMatrixIndex: 0
      m_TileColorIndex: 0
      m_TileObjectToInstantiateIndex: 65535
      dummyAlignment: 0
      m_AllTileFlags: 1073741825
  - first: {x: 2, y: -1, z: 0}
    second:
      serializedVersion: 2
      m_TileIndex: 9
      m_TileSpriteIndex: 4294967295
      m_TileMatrixIndex: 0
      m_TileColorIndex: 0
      m_TileObjectToInstantiateIndex: 65535
      dummyAlignment: 0
      m_AllTileFlags: 1073741825
  - first: {x: 3, y: -1, z: 0}
    second:
      serializedVersion: 2
      m_TileIndex: 0
      m_TileSpriteIndex: 4294967295
      m_TileMatrixIndex: 0
      m_TileColorIndex: 0
      m_TileObjectToInstantiateIndex: 65535
      dummyAlignment: 0
      m_AllTileFlags: 1073741825
  - first: {x: 4, y: -1, z: 0}
    second:
      serializedVersion: 2
      m_TileIndex: 5
      m_TileSpriteIndex: 4294967295
      m_TileMatrixIndex: 0
      m_TileColorIndex: 0
      m_TileObjectToInstantiateIndex: 65535
      dummyAlignment: 0
      m_AllTileFlags: 1073741825
  - first: {x: 5, y: -1, z: 0}
    second:
      serializedVersion: 2
      m_TileIndex: 7
      m_TileSpriteIndex: 4294967295
      m_TileMatrixIndex: 0
      m_TileColorIndex: 0
      m_TileObjectToInstantiateIndex: 65535
      dummyAlignment: 0
      m_AllTileFlags: 1073741825
  - first: {x: 6, y: -1, z: 0}
    second:
      serializedVersion: 2
      m_TileIndex: 8
      m_TileSpriteIndex: 4294967295
      m_TileMatrixIndex: 0
      m_TileColorIndex: 0
      m_TileObjectToInstantiateIndex: 65535
      dummyAlignment: 0
      m_AllTileFlags: 1073741825
  m_AnimatedTiles: {}
  m_TileAssetArray:
  - m_RefCount: 2
    m_Data: {fileID: 11400000, guid: 673a0fbdf772437449773b16c4be06ba, type: 2}
  - m_RefCount: 2
    m_Data: {fileID: 11400000, guid: 48cb991372da68f46827fb969d939476, type: 2}
  - m_RefCount: 2
    m_Data: {fileID: 11400000, guid: ee3a4f656a6507c4b82c50eb42fafbcc, type: 2}
  - m_RefCount: 2
    m_Data: {fileID: 11400000, guid: 6ef68e650051a87488ef9f5bbb42ec5a, type: 2}
  - m_RefCount: 2
    m_Data: {fileID: 11400000, guid: c377946e33b8430409ea016f97d79167, type: 2}
  - m_RefCount: 3
    m_Data: {fileID: 11400000, guid: 3ed34aaca1759254cbb08f4a0c8c1b15, type: 2}
  - m_RefCount: 1
    m_Data: {fileID: 11400000, guid: f782c8912cb03604886781a36d53766b, type: 2}
  - m_RefCount: 2
    m_Data: {fileID: 11400000, guid: 677aab43e34b7f3449d8c31d20b8e5cb, type: 2}
  - m_RefCount: 2
    m_Data: {fileID: 11400000, guid: 412fe6c3a471f664a842d25397ee57f3, type: 2}
  - m_RefCount: 1
    m_Data: {fileID: 11400000, guid: 4953a6965d964f749b77be577e6d315b, type: 2}
  m_TileSpriteArray:
  - m_RefCount: 1
    m_Data: {fileID: 21300000, guid: 96148a5969d9bcf42ab10e2088f8cc58, type: 3}
  m_TileMatrixArray:
  - m_RefCount: 19
    m_Data:
      e00: 1
      e01: 0
      e02: 0
      e03: 0
      e10: 0
      e11: 1
      e12: 0
      e13: 0
      e20: 0
      e21: 0
      e22: 1
      e23: 0
      e30: 0
      e31: 0
      e32: 0
      e33: 1
  m_TileColorArray:
  - m_RefCount: 19
    m_Data: {r: 1, g: 1, b: 1, a: 1}
  m_TileObjectToInstantiateArray: []
  m_AnimationFrameRate: 1
  m_Color: {r: 1, g: 1, b: 1, a: 1}
  m_Origin: {x: -43, y: -3, z: 0}
  m_Size: {x: 50, y: 3, z: 1}
  m_TileAnchor: {x: 0.5, y: 0.5, z: 0}
  m_TileOrientation: 0
  m_TileOrientationMatrix:
    e00: 1
    e01: 0
    e02: 0
    e03: 0
    e10: 0
    e11: 1
    e12: 0
    e13: 0
    e20: 0
    e21: 0
    e22: 1
    e23: 0
    e30: 0
    e31: 0
    e32: 0
    e33: 1
--- !u!1001 &2125020147
PrefabInstance:
  m_ObjectHideFlags: 0
  serializedVersion: 2
  m_Modification:
    m_TransformParent: {fileID: 0}
    m_Modifications:
    - target: {fileID: 6423576248979831785, guid: 0e6dbacb97bbe6c479983e0d5fcdd9cc, type: 3}
      propertyPath: m_Name
      value: Fin del mundo
      objectReference: {fileID: 0}
    - target: {fileID: 6423576248979831786, guid: 0e6dbacb97bbe6c479983e0d5fcdd9cc, type: 3}
      propertyPath: m_RootOrder
      value: 1
      objectReference: {fileID: 0}
    - target: {fileID: 6423576248979831786, guid: 0e6dbacb97bbe6c479983e0d5fcdd9cc, type: 3}
      propertyPath: m_LocalPosition.x
      value: -27.565248
      objectReference: {fileID: 0}
    - target: {fileID: 6423576248979831786, guid: 0e6dbacb97bbe6c479983e0d5fcdd9cc, type: 3}
      propertyPath: m_LocalPosition.y
      value: 0.44313398
      objectReference: {fileID: 0}
    - target: {fileID: 6423576248979831786, guid: 0e6dbacb97bbe6c479983e0d5fcdd9cc, type: 3}
      propertyPath: m_LocalPosition.z
      value: -15.045956
      objectReference: {fileID: 0}
    - target: {fileID: 6423576248979831786, guid: 0e6dbacb97bbe6c479983e0d5fcdd9cc, type: 3}
      propertyPath: m_LocalRotation.w
      value: 1
      objectReference: {fileID: 0}
    - target: {fileID: 6423576248979831786, guid: 0e6dbacb97bbe6c479983e0d5fcdd9cc, type: 3}
      propertyPath: m_LocalRotation.x
      value: 0
      objectReference: {fileID: 0}
    - target: {fileID: 6423576248979831786, guid: 0e6dbacb97bbe6c479983e0d5fcdd9cc, type: 3}
      propertyPath: m_LocalRotation.y
      value: 0
      objectReference: {fileID: 0}
    - target: {fileID: 6423576248979831786, guid: 0e6dbacb97bbe6c479983e0d5fcdd9cc, type: 3}
      propertyPath: m_LocalRotation.z
      value: 0
      objectReference: {fileID: 0}
    - target: {fileID: 6423576248979831786, guid: 0e6dbacb97bbe6c479983e0d5fcdd9cc, type: 3}
      propertyPath: m_LocalEulerAnglesHint.x
      value: 0
      objectReference: {fileID: 0}
    - target: {fileID: 6423576248979831786, guid: 0e6dbacb97bbe6c479983e0d5fcdd9cc, type: 3}
      propertyPath: m_LocalEulerAnglesHint.y
      value: 0
      objectReference: {fileID: 0}
    - target: {fileID: 6423576248979831786, guid: 0e6dbacb97bbe6c479983e0d5fcdd9cc, type: 3}
      propertyPath: m_LocalEulerAnglesHint.z
      value: 0
      objectReference: {fileID: 0}
    m_RemovedComponents: []
  m_SourcePrefab: {fileID: 100100000, guid: 0e6dbacb97bbe6c479983e0d5fcdd9cc, type: 3}
